@book{DBLP:books/wi/Jones2011,
  author    = {Richard E. Jones and
               Antony L. Hosking and
               J. Eliot B. Moss},
  title     = {The Garbage Collection Handbook: The art of automatic memory management},
  publisher = {{CRC} Press},
  year      = {2011},
  url       = {http://gchandbook.org/},
  isbn      = {978-1420082791},
  timestamp = {Thu, 10 Jul 2014 08:23:57 +0200},
  biburl    = {http://dblp2.uni-trier.de/rec/bib/books/wi/Jones2011},
  bibsource = {dblp computer science bibliography, http://dblp.org}
}

%%%%%%%%%%%%%%%%%%%%%
%%%%% Chapter 1 %%%%%
%%%%%%%%%%%%%%%%%%%%%

@techreport{butt07,
title = {Total Cost of Ownership: A Comparison of {C}/{C++} and {J}ava},
author = {Albin M. Butters},
institution = {Evans Data Corporation},
month = jun,
year = 2007
}

@article{DBLP:journals/cacm/Collins60,
  author    = {George E. Collins},
  title     = {A method for overlapping and erasure of lists},
  journal   = {Commun. {ACM}},
  volume    = {3},
  number    = {12},
  pages     = {655--657},
  year      = {1960},
  url       = {http://doi.acm.org/10.1145/367487.367501},
  doi       = {10.1145/367487.367501},
  timestamp = {Thu, 20 Nov 2003 13:05:38 +0100},
  biburl    = {http://dblp.uni-trier.de/rec/bib/journals/cacm/Collins60},
  bibsource = {dblp computer science bibliography, http://dblp.org}
}

@article{DBLP:journals/cacm/McCarthy60,
  author    = {John McCarthy},
  title     = {Recursive Functions of Symbolic Expressions and Their Computation
               by Machine, Part {I}},
  journal   = {Commun. {ACM}},
  volume    = {3},
  number    = {4},
  pages     = {184--195},
  year      = {1960},
  url       = {http://doi.acm.org/10.1145/367177.367199},
  doi       = {10.1145/367177.367199},
  timestamp = {Wed, 07 Feb 4458931 13:54:24 +},
  biburl    = {http://dblp.uni-trier.de/rec/bib/journals/cacm/McCarthy60},
  bibsource = {dblp computer science bibliography, http://dblp.org}
}

@misc{belo03,
author = {George Belotsky},
title = {{C}++ Memory Management: From Fear to Triumph},
howpublished = {O'Reilly linuxdevcenter.com},
vmonth = jul,
year = 2003,
URL = {http://www.linuxdevcenter.com/pub/a/linux/2003/08/07/cpp_mm-3.html}
}

@inproceedings{DBLP:conf/iwmm/FitzgeraldT00,
  author    = {Robert P. Fitzgerald and
               David Tarditi},
  editor    = {Craig Chambers and
               Antony L. Hosking},
  title     = {The Case for Profile-Directed Selection of Garbage Collectors},
  booktitle = {{ISMM} 2000, International Symposium on Memory Management, Minneapolis,
               Minnesota, October 15-16, 2000 (in conjunction with {OOPSLA} 2000),
               Conference Proceedings},
  pages     = {111--120},
  publisher = {{ACM}},
  year      = {2000},
  url       = {http://doi.acm.org/10.1145/362422.362472},
  doi       = {10.1145/362422.362472},
  timestamp = {Tue, 22 May 2012 15:24:55 +0200},
  biburl    = {http://dblp.uni-trier.de/rec/bib/conf/iwmm/FitzgeraldT00},
  bibsource = {dblp computer science bibliography, http://dblp.org}
}

@inproceedings{DBLP:conf/iwmm/SingerBWC07,
  author    = {Jeremy Singer and
               Gavin Brown and
               Ian Watson and
               John Cavazos},
  editor    = {Greg Morrisett and
               Mooly Sagiv},
  title     = {Intelligent selection of application-specific garbage collectors},
  booktitle = {Proceedings of the 6th International Symposium on Memory Management,
               {ISMM} 2007, Montreal, Quebec, Canada, October 21-22, 2007},
  pages     = {91--102},
  publisher = {{ACM}},
  year      = {2007},
  url       = {http://doi.acm.org/10.1145/1296907.1296920},
  doi       = {10.1145/1296907.1296920},
  timestamp = {Tue, 22 May 2012 15:24:55 +0200},
  biburl    = {http://dblp.uni-trier.de/rec/bib/conf/iwmm/SingerBWC07},
  bibsource = {dblp computer science bibliography, http://dblp.org}
}

@inproceedings{DBLP:conf/jvm/Printezis01,
  author    = {Tony Printezis},
  editor    = {Saul Wold},
  title     = {Hot-Swapping Between a Mark{\&}Sweep and a Mark{\&}Compact
               Garbage Collector in a Generational Environment},
  booktitle = {Proceedings of the 1st Java Virtual Machine Research and Technology
               Symposium, April 23-24, 2001, Monterey, CA, {USA}},
  publisher = {{USENIX}},
  year      = {2001},
  url       = {http://www.usenix.org/publications/library/proceedings/jvm01/printezis.html},
  timestamp = {Thu, 15 May 2014 18:36:22 +0200},
  biburl    = {http://dblp.uni-trier.de/rec/bib/conf/jvm/Printezis01},
  bibsource = {dblp computer science bibliography, http://dblp.org}
}

@inproceedings{DBLP:conf/iwmm/SomanKB04,
  author    = {Sunil Soman and
               Chandra Krintz and
               David F. Bacon},
  editor    = {David F. Bacon and
               Amer Diwan},
  title     = {Dynamic selection of application-specific garbage collectors},
  booktitle = {Proceedings of the 4th International Symposium on Memory Management,
               {ISMM} 2004, Vancouver, BC, Canada, October 24-25, 2004},
  pages     = {49--60},
  publisher = {{ACM}},
  year      = {2004},
  url       = {http://doi.acm.org/10.1145/1029873.1029880},
  doi       = {10.1145/1029873.1029880},
  timestamp = {Tue, 22 May 2012 15:24:55 +0200},
  biburl    = {http://dblp.uni-trier.de/rec/bib/conf/iwmm/SomanKB04},
  bibsource = {dblp computer science bibliography, http://dblp.org}
}

@inproceedings{DBLP:conf/pldi/ChengB01,
  author    = {Perry Cheng and
               Guy E. Blelloch},
  editor    = {Michael Burke and
               Mary Lou Soffa},
  title     = {A Parallel, Real-Time Garbage Collector},
  booktitle = {Proceedings of the 2001 {ACM} {SIGPLAN} Conference on Programming
               Language Design and Implementation (PLDI), Snowbird, Utah, USA, June
               20-22, 2001},
  pages     = {125--136},
  publisher = {{ACM}},
  year      = {2001},
  url       = {http://doi.acm.org/10.1145/378795.378823},
  doi       = {10.1145/378795.378823},
  timestamp = {Mon, 21 May 2012 16:19:53 +0200},
  biburl    = {http://dblp.dagstuhl.de/rec/bib/conf/pldi/ChengB01},
  bibsource = {dblp computer science bibliography, http://dblp.org}
}

@inproceedings{DBLP:conf/oopsla/SachindranMB04,
  author    = {Narendran Sachindran and
               J. Eliot B. Moss and
               Emery D. Berger},
  editor    = {John M. Vlissides and
               Douglas C. Schmidt},
  title     = {MC\({}^{\mbox{2}}\): high-performance garbage collection for memory-constrained
               environments},
  booktitle = {Proceedings of the 19th Annual {ACM} {SIGPLAN} Conference on Object-Oriented
               Programming, Systems, Languages, and Applications, {OOPSLA} 2004,
               October 24-28, 2004, Vancouver, BC, Canada},
  pages     = {81--98},
  publisher = {{ACM}},
  year      = {2004},
  url       = {http://doi.acm.org/10.1145/1028976.1028984},
  doi       = {10.1145/1028976.1028984},
  timestamp = {Mon, 13 Feb 2006 15:35:58 +0100},
  biburl    = {http://dblp.dagstuhl.de/rec/bib/conf/oopsla/SachindranMB04},
  bibsource = {dblp computer science bibliography, http://dblp.org}
}

@inproceedings{DBLP:conf/pldi/HertzFB05,
  author    = {Matthew Hertz and
               Yi Feng and
               Emery D. Berger},
  editor    = {Vivek Sarkar and
               Mary W. Hall},
  title     = {Garbage collection without paging},
  booktitle = {Proceedings of the {ACM} {SIGPLAN} 2005 Conference on Programming
               Language Design and Implementation, Chicago, IL, USA, June 12-15,
               2005},
  pages     = {143--153},
  publisher = {{ACM}},
  year      = {2005},
  url       = {http://doi.acm.org/10.1145/1065010.1065028},
  doi       = {10.1145/1065010.1065028},
  timestamp = {Wed, 15 Feb 2006 09:46:31 +0100},
  biburl    = {http://dblp.uni-trier.de/rec/bib/conf/pldi/HertzFB05},
  bibsource = {dblp computer science bibliography, http://dblp.org}
}

@inproceedings{DBLP:conf/asplos/MytkowiczDHS09,
  author    = {Todd Mytkowicz and
               Amer Diwan and
               Matthias Hauswirth and
               Peter F. Sweeney},
  editor    = {Mary Lou Soffa and
               Mary Jane Irwin},
  title     = {Producing wrong data without doing anything obviously wrong!},
  booktitle = {Proceedings of the 14th International Conference on Architectural
               Support for Programming Languages and Operating Systems, {ASPLOS}
               2009, Washington, DC, USA, March 7-11, 2009},
  pages     = {265--276},
  publisher = {{ACM}},
  year      = {2009},
  url       = {http://doi.acm.org/10.1145/1508244.1508275},
  doi       = {10.1145/1508244.1508275},
  timestamp = {Tue, 24 Mar 2009 08:30:02 +0100},
  biburl    = {http://dblp.uni-trier.de/rec/bib/conf/asplos/MytkowiczDHS09},
  bibsource = {dblp computer science bibliography, http://dblp.org}
}

@inproceedings{DBLP:conf/oopsla/GeorgesBE07,
  author    = {Andy Georges and
               Dries Buytaert and
               Lieven Eeckhout},
  editor    = {Richard P. Gabriel and
               David F. Bacon and
               Cristina Videira Lopes and
               Guy L. Steele Jr.},
  title     = {Statistically rigorous java performance evaluation},
  booktitle = {Proceedings of the 22nd Annual {ACM} {SIGPLAN} Conference on Object-Oriented
               Programming, Systems, Languages, and Applications, {OOPSLA} 2007,
               October 21-25, 2007, Montreal, Quebec, Canada},
  pages     = {57--76},
  publisher = {{ACM}},
  year      = {2007},
  url       = {http://doi.acm.org/10.1145/1297027.1297033},
  doi       = {10.1145/1297027.1297033},
  timestamp = {Tue, 23 Oct 2007 08:00:56 +0200},
  biburl    = {http://dblp2.uni-trier.de/rec/bib/conf/oopsla/GeorgesBE07},
  bibsource = {dblp computer science bibliography, http://dblp.org}
}

@phdthesis{Zorn:CSD-89-544,
    Author = {Zorn, Benjamin G.},
    Title = {Comparative Performance Evaluation of Garbage Collection Algorithms},
    School = {EECS Department, University of California, Berkeley},
    Year = {1989},
    Month = {Dec},
    URL = {http://www.eecs.berkeley.edu/Pubs/TechRpts/1989/5313.html},
    Number = {UCB/CSD-89-544},
    Abstract = {This thesis shows that object-level, trace-driven simulation can facilitate evaluation of language runtime systems and reaches new conclusions about the relative performance 
                of important garbage collection algorithms. In particular, I reach the unexpected conclusion that mark-and-sweep garbage collection, when augmented with generations, shows 
                comparable CPU performance and much better reference locality than the more widely used copying algorithms. In the past, evaluation of garbage collection algorithms has been 
                limited by the high cost of implementing the algorithms. Substantially different algorithms have rarely been compared in a systematic way. With the availability of 
                high-performance, low-cost workstations, trace-driven performance evaluation of these algorithms is now economical. This thesis describes MARS, a runtime system simulator that 
                is driven by operations on program objects, and not memory addresses. MARS has been attached to a commercial Common Lisp system and eight large Lisp applications are used in the 
                thesis as test programs. To illustrate the advantages of the object-level tracing technique used by MARS, this thesis compares the relative performance of stop-and-copy, 
                incremental, and mark-and-sweep collection algorithms, all organized with multiple generations. The comparative evaluation is based on several metrics: CPU overhead, reference 
                locality, and interactive availability. Mark-and-sweep collection shows slightly higher CPU overhead than stop-and-copy collection (5\%), but requires significantly less physical 
                memory to achieve the same page fault rate (30-40\%). Incremental collection has very good interactive availability, but implementing the read barrier on stock hardware incurs 
                a substantial CPU overhead (30-60\%). In the future, I will use MARS to investigate other performance aspects of sophisticated runtime systems.
               }
}

@inproceedings{DBLP:conf/iwmm/WilsonJNB95,
  author    = {Paul R. Wilson and
               Mark S. Johnstone and
               Michael Neely and
               David Boles},
  editor    = {Henry G. Baker},
  title     = {Dynamic Storage Allocation: {A} Survey and Critical Review},
  booktitle = {Memory Management, International Workshop {IWMM} 95, Kinross, UK,
               September 27-29, 1995, Proceedings},
  series    = {Lecture Notes in Computer Science},
  volume    = {986},
  pages     = {1--116},
  publisher = {Springer},
  year      = {1995},
  url       = {http://dx.doi.org/10.1007/3-540-60368-9_19},
  doi       = {10.1007/3-540-60368-9_19},
  timestamp = {Thu, 23 Jun 2011 19:50:52 +0200},
  biburl    = {http://dblp.dagstuhl.de/rec/bib/conf/iwmm/WilsonJNB95},
  bibsource = {dblp computer science bibliography, http://dblp.org}
}

@inproceedings{DBLP:conf/oopsla/BlackburnGHKMBDFFGHHJLMPSVDW06,
  author    = {Stephen M. Blackburn and
               Robin Garner and
               Chris Hoffmann and
               Asjad M. Khan and
               Kathryn S. McKinley and
               Rotem Bentzur and
               Amer Diwan and
               Daniel Feinberg and
               Daniel Frampton and
               Samuel Z. Guyer and
               Martin Hirzel and
               Antony L. Hosking and
               Maria Jump and
               Han Bok Lee and
               J. Eliot B. Moss and
               Aashish Phansalkar and
               Darko Stefanovic and
               Thomas VanDrunen and
               Daniel von Dincklage and
               Ben Wiedermann},
  editor    = {Peri L. Tarr and
               William R. Cook},
  title     = {The DaCapo benchmarks: java benchmarking development and analysis},
  booktitle = {Proceedings of the 21th Annual {ACM} {SIGPLAN} Conference on Object-Oriented
               Programming, Systems, Languages, and Applications, {OOPSLA} 2006,
               October 22-26, 2006, Portland, Oregon, {USA}},
  pages     = {169--190},
  publisher = {{ACM}},
  year      = {2006},
  url       = {http://doi.acm.org/10.1145/1167473.1167488},
  doi       = {10.1145/1167473.1167488},
  timestamp = {Mon, 04 Aug 2008 10:02:45 +0200},
  biburl    = {http://dblp2.uni-trier.de/rec/bib/conf/oopsla/BlackburnGHKMBDFFGHHJLMPSVDW06},
  bibsource = {dblp computer science bibliography, http://dblp.org}
}

@inproceedings{DBLP:conf/ac/DijkstraLMSS75,
  author    = {Edsger W. Dijkstra and
               Leslie Lamport and
               Alain J. Martin and
               Carel S. Scholten and
               Elisabeth F. M. Steffens},
  editor    = {Friedrich L. Bauer and
               Klaus Samelson},
  title     = {On-the-fly garbage collection: an exercise in cooperation},
  booktitle = {Language Hierarchies and Interfaces, International Summer School,
               Marktoberdorf, Germany, July 23 - August 2, 1975},
  series    = {Lecture Notes in Computer Science},
  volume    = {46},
  pages     = {43--56},
  publisher = {Springer},
  year      = {1975},
  url       = {http://dx.doi.org/10.1007/3-540-07994-7_48},
  doi       = {10.1007/3-540-07994-7_48},
  timestamp = {Thu, 09 Jun 2011 14:53:30 +0200},
  biburl    = {http://dblp.dagstuhl.de/rec/bib/conf/ac/DijkstraLMSS75},
  bibsource = {dblp computer science bibliography, http://dblp.org}
}

@article{DBLP:journals/cacm/DijkstraLMSS78,
  author    = {Edsger W. Dijkstra and
               Leslie Lamport and
               Alain J. Martin and
               Carel S. Scholten and
               Elisabeth F. M. Steffens},
  title     = {On-the-Fly Garbage Collection: An Exercise in Cooperation},
  journal   = {Commun. {ACM}},
  volume    = {21},
  number    = {11},
  pages     = {966--975},
  year      = {1978},
  url       = {http://doi.acm.org/10.1145/359642.359655},
  doi       = {10.1145/359642.359655},
  timestamp = {Thu, 10 Aug 4427200 23:07:12 +},
  biburl    = {http://dblp.dagstuhl.de/rec/bib/journals/cacm/DijkstraLMSS78},
  bibsource = {dblp computer science bibliography, http://dblp.org}
}

%%%%%%%%%%%%%%%%%%%%%
%%%%% Chapter 2 %%%%%
%%%%%%%%%%%%%%%%%%%%%

@inproceedings{DBLP:conf/iwmm/Pirinen98,
  author    = {Pekka P. Pirinen},
  editor    = {Simon L. Peyton Jones and
               Richard E. Jones},
  title     = {Barrier Techniques for Incremental Tracing},
  booktitle = {International Symposium on Memory Management, {ISMM} '98, Vancouver,
               British Columbia, Canada, 17-19 October, 1998, Conference Proceedings},
  pages     = {20--25},
  publisher = {{ACM}},
  year      = {1998},
  url       = {http://doi.acm.org/10.1145/286860.286863},
  doi       = {10.1145/286860.286863},
  timestamp = {Tue, 22 May 2012 15:24:55 +0200},
  biburl    = {http://dblp.dagstuhl.de/rec/bib/conf/iwmm/Pirinen98},
  bibsource = {dblp computer science bibliography, http://dblp.org}
}

@inproceedings{DBLP:conf/iwmm/PrintezisG02,
  author    = {Tony Printezis and
               Alex Garthwaite},
  editor    = {Hans{-}Juergen Boehm and
               David Detlefs},
  title     = {Visualising the train garbage collector},
  booktitle = {Proceedings of The Workshop on Memory Systems Performance {(MSP} 2002),
               June 16, 2002 and The International Symposium on Memory Management
               {(ISMM} 2002), June 20-21, 2002, Berlin, Germany},
  pages     = {157--170},
  publisher = {{ACM}},
  year      = {2002},
  url       = {http://doi.acm.org/10.1145/773039.512436},
  doi       = {10.1145/773039.512436},
  timestamp = {Tue, 22 May 2012 15:24:55 +0200},
  biburl    = {http://dblp.uni-trier.de/rec/bib/conf/iwmm/PrintezisG02},
  bibsource = {dblp computer science bibliography, http://dblp.org}
}

@article{DBLP:journals/spe/BoehmW88,
  author    = {Hans{-}Juergen Boehm and
               Mark Weiser},
  title     = {Garbage Collection in an Uncooperative Environment},
  journal   = {Softw., Pract. Exper.},
  volume    = {18},
  number    = {9},
  pages     = {807--820},
  year      = {1988},
  url       = {http://dx.doi.org/10.1002/spe.4380180902},
  doi       = {10.1002/spe.4380180902},
  timestamp = {Fri, 07 Feb 4430296 08:06:40 +},
  biburl    = {http://dblp.uni-trier.de/rec/bib/journals/spe/BoehmW88},
  bibsource = {dblp computer science bibliography, http://dblp.org}
}

@inproceedings{DBLP:conf/iwmm/Boehm00,
  author    = {Hans{-}Juergen Boehm},
  editor    = {Craig Chambers and
               Antony L. Hosking},
  title     = {Reducing Garbage Collector Cache Misses},
  booktitle = {{ISMM} 2000, International Symposium on Memory Management, Minneapolis,
               Minnesota, October 15-16, 2000 (in conjunction with {OOPSLA} 2000),
               Conference Proceedings},
  pages     = {59--64},
  publisher = {{ACM}},
  year      = {2000},
  url       = {http://doi.acm.org/10.1145/362422.362438},
  doi       = {10.1145/362422.362438},
  timestamp = {Tue, 22 May 2012 15:24:55 +0200},
  biburl    = {http://dblp.uni-trier.de/rec/bib/conf/iwmm/Boehm00},
  bibsource = {dblp computer science bibliography, http://dblp.org}
}

@inproceedings{DBLP:conf/oopsla/Hayes91,
  author    = {Barry Hayes},
  editor    = {Andreas Paepcke},
  title     = {Using Key Object Opportunism to Collect Old Objects},
  booktitle = {Conference on Object-Oriented Programming Systems, Languages, and
               Applications (OOPSLA'91), Sixth Annual Conference, Phoenix, Arizona,
               USA, October 6-11, 1991, Proceedings.},
  pages     = {33--46},
  publisher = {{ACM}},
  year      = {1991},
  url       = {http://doi.acm.org/10.1145/117954.117957},
  doi       = {10.1145/117954.117957},
  timestamp = {Tue, 11 Jun 2013 13:07:44 +0200},
  biburl    = {http://dblp.uni-trier.de/rec/bib/conf/oopsla/Hayes91},
  bibsource = {dblp computer science bibliography, http://dblp.org}
}

@inproceedings{DBLP:conf/iwmm/JonesR08,
  author    = {Richard E. Jones and
               Chris Ryder},
  editor    = {Richard E. Jones and
               Stephen M. Blackburn},
  title     = {A study of java object demographics},
  booktitle = {Proceedings of the 7th International Symposium on Memory Management,
               {ISMM} 2008, Tucson, AZ, USA, June 7-8, 2008},
  pages     = {121--130},
  publisher = {{ACM}},
  year      = {2008},
  url       = {http://doi.acm.org/10.1145/1375634.1375652},
  doi       = {10.1145/1375634.1375652},
  timestamp = {Mon, 29 Jul 2013 21:00:23 +0200},
  biburl    = {http://dblp.uni-trier.de/rec/bib/conf/iwmm/JonesR08},
  bibsource = {dblp computer science bibliography, http://dblp.org}
}

@inproceedings{DBLP:conf/iwmm/GarnerBF07,
  author    = {Robin Garner and
               Stephen M. Blackburn and
               Daniel Frampton},
  editor    = {Greg Morrisett and
               Mooly Sagiv},
  title     = {Effective prefetch for mark-sweep garbage collection},
  booktitle = {Proceedings of the 6th International Symposium on Memory Management,
               {ISMM} 2007, Montreal, Quebec, Canada, October 21-22, 2007},
  pages     = {43--54},
  publisher = {{ACM}},
  year      = {2007},
  url       = {http://doi.acm.org/10.1145/1296907.1296915},
  doi       = {10.1145/1296907.1296915},
  timestamp = {Tue, 22 May 2012 15:24:55 +0200},
  biburl    = {http://dblp.uni-trier.de/rec/bib/conf/iwmm/GarnerBF07},
  bibsource = {dblp computer science bibliography, http://dblp.org}
}

@inproceedings{DBLP:conf/iwmm/PrintezisD00,
  author    = {Tony Printezis and
               David Detlefs},
  editor    = {Craig Chambers and
               Antony L. Hosking},
  title     = {A Generational Mostly-Concurrent Garbage Collector},
  booktitle = {{ISMM} 2000, International Symposium on Memory Management, Minneapolis,
               Minnesota, October 15-16, 2000 (in conjunction with {OOPSLA} 2000),
               Conference Proceedings},
  pages     = {143--154},
  publisher = {{ACM}},
  year      = {2000},
  url       = {http://doi.acm.org/10.1145/362422.362480},
  doi       = {10.1145/362422.362480},
  timestamp = {Tue, 22 May 2012 15:24:55 +0200},
  biburl    = {http://dblp.uni-trier.de/rec/bib/conf/iwmm/PrintezisD00},
  bibsource = {dblp computer science bibliography, http://dblp.org}
}

@article{hughes1982semi,
  title={A semi-incremental garbage collection algorithm},
  author={Hughes, R John M},
  journal={Software: Practice and Experience},
  volume={12},
  number={11},
  pages={1081--1082},
  year={1982},
  publisher={Wiley Online Library}
}

@inproceedings{DBLP:conf/iwmm/BlackburnH04,
  author    = {Stephen M. Blackburn and
               Antony L. Hosking},
  editor    = {David F. Bacon and
               Amer Diwan},
  title     = {Barriers: friend or foe?},
  booktitle = {Proceedings of the 4th International Symposium on Memory Management,
               {ISMM} 2004, Vancouver, BC, Canada, October 24-25, 2004},
  pages     = {143--151},
  publisher = {{ACM}},
  year      = {2004},
  url       = {http://doi.acm.org/10.1145/1029873.1029891},
  doi       = {10.1145/1029873.1029891},
  timestamp = {Tue, 22 May 2012 15:24:55 +0200},
  biburl    = {http://dblp.uni-trier.de/rec/bib/conf/iwmm/BlackburnH04},
  bibsource = {dblp computer science bibliography, http://dblp.org}
}

@article{boehm1995dynamic,
  title={Dynamic memory allocation and garbage collection},
  author={Boehm, Hans-J and Dubois, Paul F and others},
  journal={Computers in Physics},
  volume={9},
  number={3},
  pages={297--303},
  year={1995},
  publisher={AIP Publishing}
}

@book{DBLP:books/wi/JonesL96,
  author    = {Richard E. Jones and
               Rafael Dueire Lins},
  title     = {Garbage collection - algorithms for automatic dynamic memory management},
  publisher = {Wiley},
  year      = {1996},
  isbn      = {978-0-471-94148-4},
  timestamp = {Thu, 31 Mar 4432755 16:19:44 +},
  biburl    = {http://dblp.uni-trier.de/rec/bib/books/wi/JonesL96},
  bibsource = {dblp computer science bibliography, http://dblp.org}
}

@inproceedings{DBLP:conf/oopsla/HertzB05,
  author    = {Matthew Hertz and
               Emery D. Berger},
  editor    = {Ralph E. Johnson and
               Richard P. Gabriel},
  title     = {Quantifying the performance of garbage collection vs. explicit memory
               management},
  booktitle = {Proceedings of the 20th Annual {ACM} {SIGPLAN} Conference on Object-Oriented
               Programming, Systems, Languages, and Applications, {OOPSLA} 2005,
               October 16-20, 2005, San Diego, CA, {USA}},
  pages     = {313--326},
  publisher = {{ACM}},
  year      = {2005},
  url       = {http://doi.acm.org/10.1145/1094811.1094836},
  doi       = {10.1145/1094811.1094836},
  timestamp = {Wed, 25 Jun 2008 19:46:34 +0200},
  biburl    = {http://dblp.dagstuhl.de/rec/bib/conf/oopsla/HertzB05},
  bibsource = {dblp computer science bibliography, http://dblp.org}
}

@article{DBLP:journals/jacm/Robson71,
  author    = {John Michael Robson},
  title     = {An Estimate of the Store Size Necessary for Dynamic Storage Allocation},
  journal   = {J. {ACM}},
  volume    = {18},
  number    = {2},
  pages     = {416--423},
  year      = {1971},
  url       = {http://doi.acm.org/10.1145/321650.321658},
  doi       = {10.1145/321650.321658},
  timestamp = {Mon, 06 Nov 4442502 08:02:24 +},
  biburl    = {http://dblp.dagstuhl.de/rec/bib/journals/jacm/Robson71},
  bibsource = {dblp computer science bibliography, http://dblp.org}
}

@article{DBLP:journals/jacm/Robson74,
  author    = {John Michael Robson},
  title     = {Bounds for Some Functions Concerning Dynamic Storage Allocation},
  journal   = {J. {ACM}},
  volume    = {21},
  number    = {3},
  pages     = {491--499},
  year      = {1974},
  url       = {http://doi.acm.org/10.1145/321832.321846},
  doi       = {10.1145/321832.321846},
  timestamp = {Thu, 04 Jul 4435095 04:54:56 +},
  biburl    = {http://dblp.dagstuhl.de/rec/bib/journals/jacm/Robson74},
  bibsource = {dblp computer science bibliography, http://dblp.org}
}

@article{DBLP:journals/ibmsj/DimpseyAK00,
  author    = {Robert T. Dimpsey and
               Rajiv Arora and
               Kean Kuiper},
  title     = {Java server performance: {A} case study of building efficient, scalable
               Jvms},
  journal   = {{IBM} Systems Journal},
  volume    = {39},
  number    = {1},
  pages     = {151--174},
  year      = {2000},
  url       = {http://dx.doi.org/10.1147/sj.391.0151},
  doi       = {10.1147/sj.391.0151},
  timestamp = {Tue, 10 Aug 4441909 02:44:48 +},
  biburl    = {http://dblp.dagstuhl.de/rec/bib/journals/ibmsj/DimpseyAK00},
  bibsource = {dblp computer science bibliography, http://dblp.org}
}

@inproceedings{DBLP:conf/pldi/BlackburnM08,
  author    = {Stephen M. Blackburn and
               Kathryn S. McKinley},
  editor    = {Rajiv Gupta and
               Saman P. Amarasinghe},
  title     = {Immix: a mark-region garbage collector with space efficiency, fast
               collection, and mutator performance},
  booktitle = {Proceedings of the {ACM} {SIGPLAN} 2008 Conference on Programming
               Language Design and Implementation, Tucson, AZ, USA, June 7-13, 2008},
  pages     = {22--32},
  publisher = {{ACM}},
  year      = {2008},
  url       = {http://doi.acm.org/10.1145/1375581.1375586},
  doi       = {10.1145/1375581.1375586},
  timestamp = {Mon, 16 Jun 2008 08:31:44 +0200},
  biburl    = {http://dblp.dagstuhl.de/rec/bib/conf/pldi/BlackburnM08},
  bibsource = {dblp computer science bibliography, http://dblp.org}
}

%%%%%%%%%%%%%%%%%%%%%
%%%%% Chapter 3 %%%%%
%%%%%%%%%%%%%%%%%%%%%

@inproceedings{DBLP:conf/oopsla/AbuaiadhOPS04,
  author    = {Diab Abuaiadh and
               Yoav Ossia and
               Erez Petrank and
               Uri Silbershtein},
  editor    = {John M. Vlissides and
               Douglas C. Schmidt},
  title     = {An efficient parallel heap compaction algorithm},
  booktitle = {Proceedings of the 19th Annual {ACM} {SIGPLAN} Conference on Object-Oriented
               Programming, Systems, Languages, and Applications, {OOPSLA} 2004,
               October 24-28, 2004, Vancouver, BC, Canada},
  pages     = {224--236},
  publisher = {{ACM}},
  year      = {2004},
  url       = {http://doi.acm.org/10.1145/1028976.1028995},
  doi       = {10.1145/1028976.1028995},
  timestamp = {Mon, 13 Feb 2006 15:35:58 +0100},
  biburl    = {http://dblp.dagstuhl.de/rec/bib/conf/oopsla/AbuaiadhOPS04},
  bibsource = {dblp computer science bibliography, http://dblp.org}
}

@article{saunders1964lisp,
  title={The LISP system for the Q-32 computer},
  author={Saunders, Robert A},
  journal={The Programming Language LISP: Its Operation and Applications},
  pages={220--231},
  year={1964}
}

@inproceedings{DBLP:conf/jvm/FloodDSZ01,
  author    = {Christine H. Flood and
               David Detlefs and
               Nir Shavit and
               Xiolan Zhang},
  editor    = {Saul Wold},
  title     = {Parallel Garbage Collection for Shared Memory Multiprocessors},
  booktitle = {Proceedings of the 1st Java Virtual Machine Research and Technology
               Symposium, April 23-24, 2001, Monterey, CA, {USA}},
  publisher = {{USENIX}},
  year      = {2001},
  url       = {http://www.usenix.org/publications/library/proceedings/jvm01/full_papers/flood/flood.pdf},
  timestamp = {Thu, 15 May 2014 18:36:22 +0200},
  biburl    = {http://dblp.uni-trier.de/rec/bib/conf/jvm/FloodDSZ01},
  bibsource = {dblp computer science bibliography, http://dblp.org}
}

@article{DBLP:journals/toplas/CohenN83,
  author    = {Jacques Cohen and
               Alexandru Nicolau},
  title     = {Comparison of Compacting Algorithms for Garbage Collection},
  journal   = {{ACM} Trans. Program. Lang. Syst.},
  volume    = {5},
  number    = {4},
  pages     = {532--553},
  year      = {1983},
  url       = {http://doi.acm.org/10.1145/69575.357226},
  doi       = {10.1145/69575.357226},
  timestamp = {Thu, 06 Jun 4455901 23:30:40 +.},
  biburl    = {http://dblp.uni-trier.de/rec/bib/journals/toplas/CohenN83},
  bibsource = {dblp computer science bibliography, http://dblp.org}
}

@inproceedings{DBLP:conf/pldi/KermanyP06,
  author    = {Haim Kermany and
               Erez Petrank},
  editor    = {Michael I. Schwartzbach and
               Thomas Ball},
  title     = {The Compressor: concurrent, incremental, and parallel compaction},
  booktitle = {Proceedings of the {ACM} {SIGPLAN} 2006 Conference on Programming
               Language Design and Implementation, Ottawa, Ontario, Canada, June
               11-14, 2006},
  pages     = {354--363},
  publisher = {{ACM}},
  year      = {2006},
  url       = {http://doi.acm.org/10.1145/1133981.1134023},
  doi       = {10.1145/1133981.1134023},
  timestamp = {Mon, 17 Jul 2006 21:50:00 +0200},
  biburl    = {http://dblp.uni-trier.de/rec/bib/conf/pldi/KermanyP06},
  bibsource = {dblp computer science bibliography, http://dblp.org}
}

@article{DBLP:journals/spe/Hanson77,
  author    = {David R. Hanson},
  title     = {Storage Management for an Implementation of {SNOBOL4}},
  journal   = {Softw., Pract. Exper.},
  volume    = {7},
  number    = {2},
  pages     = {179--192},
  year      = {1977},
  url       = {http://dx.doi.org/10.1002/spe.4380070206},
  doi       = {10.1002/spe.4380070206},
  timestamp = {Sun, 11 Jan 4456770 14:20:00 +},
  biburl    = {http://dblp.uni-trier.de/rec/bib/journals/spe/Hanson77},
  bibsource = {dblp computer science bibliography, http://dblp.org}
}

%%%%%%%%%%%%%%%%%%%%%
%%%%% Chapter 4 %%%%%
%%%%%%%%%%%%%%%%%%%%%

@article{DBLP:journals/cacm/FenichelY69,
  author    = {Robert Fenichel and
               Jerome C. Yochelson},
  title     = {A {LISP} garbage-collector for virtual-memory computer systems},
  journal   = {Commun. {ACM}},
  volume    = {12},
  number    = {11},
  pages     = {611--612},
  year      = {1969},
  url       = {http://doi.acm.org/10.1145/363269.363280},
  doi       = {10.1145/363269.363280},
  timestamp = {Sun, 21 Mar 4438320 07:24:00 +},
  biburl    = {http://dblp.uni-trier.de/rec/bib/journals/cacm/FenichelY69},
  bibsource = {dblp computer science bibliography, http://dblp.org}
}

@article{DBLP:journals/cacm/Cheney70,
  author    = {C. J. Cheney},
  title     = {A Nonrecursive List Compacting Algorithm},
  journal   = {Commun. {ACM}},
  volume    = {13},
  number    = {11},
  pages     = {677--678},
  year      = {1970},
  url       = {http://doi.acm.org/10.1145/362790.362798},
  doi       = {10.1145/362790.362798},
  timestamp = {Sun, 01 Jan 4444575 02:44:32 +},
  biburl    = {http://dblp.uni-trier.de/rec/bib/journals/cacm/Cheney70},
  bibsource = {dblp computer science bibliography, http://dblp.org}
}

@inproceedings{DBLP:conf/icse/BlackburnCM04,
  author    = {Stephen M. Blackburn and
               Perry Cheng and
               Kathryn S. McKinley},
  editor    = {Anthony Finkelstein and
               Jacky Estublier and
               David S. Rosenblum},
  title     = {Oil and Water? High Performance Garbage Collection in Java with MMTk},
  booktitle = {26th International Conference on Software Engineering {(ICSE} 2004),
               23-28 May 2004, Edinburgh, United Kingdom},
  pages     = {137--146},
  publisher = {{IEEE} Computer Society},
  year      = {2004},
  url       = {http://doi.ieeecomputersociety.org/10.1109/ICSE.2004.1317436},
  doi       = {10.1109/ICSE.2004.1317436},
  timestamp = {Mon, 14 May 2012 18:17:15 +0200},
  biburl    = {http://dblp.uni-trier.de/rec/bib/conf/icse/BlackburnCM04},
  bibsource = {dblp computer science bibliography, http://dblp.org}
}

@inproceedings{DBLP:conf/oopsla/BlackburnM03,
  author    = {Stephen Blackburn and
               Kathryn S. McKinley},
  editor    = {Ron Crocker and
               Guy L. Steele Jr.},
  title     = {Ulterior reference counting: fast garbage collection without a long
               wait},
  booktitle = {Proceedings of the 2003 {ACM} {SIGPLAN} Conference on Object-Oriented
               Programming Systems, Languages and Applications, {OOPSLA} 2003, October
               26-30, 2003, Anaheim, CA, {USA}},
  pages     = {344--358},
  publisher = {{ACM}},
  year      = {2003},
  url       = {http://doi.acm.org/10.1145/949305.949336},
  doi       = {10.1145/949305.949336},
  timestamp = {Mon, 13 Feb 2006 15:35:58 +0100},
  biburl    = {http://dblp.uni-trier.de/rec/bib/conf/oopsla/BlackburnM03},
  bibsource = {dblp computer science bibliography, http://dblp.org}
}

@inproceedings{DBLP:conf/lfp/White80,
  author    = {J. White},
  title     = {Address/Memory Management for a Gigantic {LISP} Environment},
  booktitle = {{LISP} Conference},
  pages     = {119--127},
  year      = {1980},
  timestamp = {Mon, 16 Dec 2002 13:24:18 +0100},
  biburl    = {http://dblp.uni-trier.de/rec/bib/conf/lfp/White80},
  bibsource = {dblp computer science bibliography, http://dblp.org}
}

@inproceedings{DBLP:conf/popl/PetrankR02,
  author    = {Erez Petrank and
               Dror Rawitz},
  editor    = {John Launchbury and
               John C. Mitchell},
  title     = {The hardness of cache conscious data placement},
  booktitle = {Conference Record of {POPL} 2002: The 29th {SIGPLAN-SIGACT} Symposium
               on Principles of Programming Languages, Portland, OR, USA, January
               16-18, 2002},
  pages     = {101--112},
  publisher = {{ACM}},
  year      = {2002},
  url       = {http://doi.acm.org/10.1145/503272.503283},
  doi       = {10.1145/503272.503283},
  timestamp = {Mon, 18 Mar 2013 08:38:35 +0100},
  biburl    = {http://dblp.uni-trier.de/rec/bib/conf/popl/PetrankR02},
  bibsource = {dblp computer science bibliography, http://dblp.org}
}

@inproceedings{DBLP:conf/asplos/CalderKJA98,
  author    = {Brad Calder and
               Chandra Krintz and
               Simmi John and
               Todd M. Austin},
  editor    = {Dileep Bhandarkar and
               Anant Agarwal},
  title     = {Cache-Conscious Data Placement},
  booktitle = {{ASPLOS-VIII} Proceedings of the 8th International Conference on Architectural
               Support for Programming Languages and Operating Systems, San Jose,
               California, USA, October 3-7, 1998.},
  pages     = {139--149},
  publisher = {{ACM} Press},
  year      = {1998},
  url       = {http://doi.acm.org/10.1145/291069.291036},
  doi       = {10.1145/291069.291036},
  timestamp = {Fri, 23 Dec 2011 14:54:26 +0100},
  biburl    = {http://dblp.uni-trier.de/rec/bib/conf/asplos/CalderKJA98},
  bibsource = {dblp computer science bibliography, http://dblp.org}
}

@inproceedings{DBLP:conf/pldi/ChilimbiHL99,
  author    = {Trishul M. Chilimbi and
               Mark D. Hill and
               James R. Larus},
  editor    = {Barbara G. Ryder and
               Benjamin G. Zorn},
  title     = {Cache-Conscious Structure Layout},
  booktitle = {Proceedings of the 1999 {ACM} {SIGPLAN} Conference on Programming
               Language Design and Implementation (PLDI), Atlanta, Georgia, USA,
               May 1-4, 1999},
  pages     = {1--12},
  publisher = {{ACM}},
  year      = {1999},
  url       = {http://doi.acm.org/10.1145/301618.301633},
  doi       = {10.1145/301618.301633},
  timestamp = {Mon, 21 May 2012 16:19:53 +0200},
  biburl    = {http://dblp.uni-trier.de/rec/bib/conf/pldi/ChilimbiHL99},
  bibsource = {dblp computer science bibliography, http://dblp.org}
}

@phdthesis{stamos1982large,
  title={A large object-oriented virtual memory: grouping strategies, measurements, and performance},
  author={Stamos, James William},
  year={1982},
  school={Massachusetts Institute of Technology}
}

@article{DBLP:journals/tocs/Stamos84,
  author    = {James W. Stamos},
  title     = {Static Grouping of Small Objects to Enhance Performance of a Paged
               Virtual Memory},
  journal   = {{ACM} Trans. Comput. Syst.},
  volume    = {2},
  number    = {2},
  pages     = {155--180},
  year      = {1984},
  url       = {http://doi.acm.org/10.1145/190.194},
  doi       = {10.1145/190.194},
  timestamp = {Mon, 03 Apr 2006 11:14:09 +0200},
  biburl    = {http://dblp.uni-trier.de/rec/bib/journals/tocs/Stamos84},
  bibsource = {dblp computer science bibliography, http://dblp.org}
}

@article{DBLP:journals/pe/Blau83,
  author    = {Ricki Blau},
  title     = {Paging on an object-oriented personal computer for Smalltalk},
  journal   = {Perform. Eval.},
  volume    = {3},
  number    = {4},
  pages     = {313},
  year      = {1983},
  url       = {http://dx.doi.org/10.1016/0166-5316(83)90043-3},
  doi       = {10.1016/0166-5316(83)90043-3},
  timestamp = {Wed, 23 May 2012 20:58:21 +0200},
  biburl    = {http://dblp.uni-trier.de/rec/bib/journals/pe/Blau83},
  bibsource = {dblp computer science bibliography, http://dblp.org}
}

@inproceedings{DBLP:conf/pldi/WilsonLM91,
  author    = {Paul R. Wilson and
               Michael S. Lam and
               Thomas G. Moher},
  editor    = {David S. Wise},
  title     = {Effective {\textasciigrave}{\textasciigrave}Static-Graph'' Reorganization
               to Improve Locality in Garbage-Collected Systems},
  booktitle = {Proceedings of the {ACM} SIGPLAN'91 Conference on Programming Language
               Design and Implementation (PLDI), Toronto, Ontario, Canada, June 26-28,
               1991},
  pages     = {177--191},
  publisher = {{ACM}},
  year      = {1991},
  url       = {http://doi.acm.org/10.1145/113445.113461},
  doi       = {10.1145/113445.113461},
  timestamp = {Mon, 21 May 2012 16:19:53 +0200},
  biburl    = {http://dblp.uni-trier.de/rec/bib/conf/pldi/WilsonLM91},
  bibsource = {dblp computer science bibliography, http://dblp.org}
}

@inproceedings{DBLP:conf/lfp/Moon84,
  author    = {David A. Moon},
  title     = {Garbage Collection in a Large Lisp System},
  booktitle = {{LISP} and Functional Programming},
  pages     = {235--246},
  year      = {1984},
  timestamp = {Mon, 16 Dec 2002 13:22:22 +0100},
  biburl    = {http://dblp.uni-trier.de/rec/bib/conf/lfp/Moon84},
  bibsource = {dblp computer science bibliography, http://dblp.org}
}

@inproceedings{DBLP:conf/iwmm/LamWM92,
  author    = {Michael S. Lam and
               Paul R. Wilson and
               Thomas G. Moher},
  editor    = {Yves Bekkers and
               Jacques Cohen},
  title     = {Object Type Directed Garbage Collection To Improve Locality},
  booktitle = {Memory Management, International Workshop {IWMM} 92, St. Malo, France,
               September 17-19, 1992, Proceedings},
  series    = {Lecture Notes in Computer Science},
  volume    = {637},
  pages     = {404--425},
  publisher = {Springer},
  year      = {1992},
  url       = {http://dx.doi.org/10.1007/BFb0017204},
  doi       = {10.1007/BFb0017204},
  timestamp = {Tue, 14 Jun 2011 20:34:25 +0200},
  biburl    = {http://dblp.uni-trier.de/rec/bib/conf/iwmm/LamWM92},
  bibsource = {dblp computer science bibliography, http://dblp.org}
}

@inproceedings{DBLP:conf/iwmm/SiegwartH06,
  author    = {David Siegwart and
               Martin Hirzel},
  editor    = {Erez Petrank and
               J. Eliot B. Moss},
  title     = {Improving locality with parallel hierarchical copying {GC}},
  booktitle = {Proceedings of the 5th International Symposium on Memory Management,
               {ISMM} 2006, Ottawa, Ontario, Canada, June 10-11, 2006},
  pages     = {52--63},
  publisher = {{ACM}},
  year      = {2006},
  url       = {http://doi.acm.org/10.1145/1133956.1133964},
  doi       = {10.1145/1133956.1133964},
  timestamp = {Tue, 22 May 2012 15:24:55 +0200},
  biburl    = {http://dblp.uni-trier.de/rec/bib/conf/iwmm/SiegwartH06},
  bibsource = {dblp computer science bibliography, http://dblp.org}
}

@inproceedings{DBLP:conf/oopsla/HuangBMMWC04,
  author    = {Xianglong Huang and
               Stephen M. Blackburn and
               Kathryn S. McKinley and
               J. Eliot B. Moss and
               Zhenlin Wang and
               Perry Cheng},
  editor    = {John M. Vlissides and
               Douglas C. Schmidt},
  title     = {The garbage collection advantage: improving program locality},
  booktitle = {Proceedings of the 19th Annual {ACM} {SIGPLAN} Conference on Object-Oriented
               Programming, Systems, Languages, and Applications, {OOPSLA} 2004,
               October 24-28, 2004, Vancouver, BC, Canada},
  pages     = {69--80},
  publisher = {{ACM}},
  year      = {2004},
  url       = {http://doi.acm.org/10.1145/1028976.1028983},
  doi       = {10.1145/1028976.1028983},
  timestamp = {Mon, 13 Feb 2006 15:35:58 +0100},
  biburl    = {http://dblp.uni-trier.de/rec/bib/conf/oopsla/HuangBMMWC04},
  bibsource = {dblp computer science bibliography, http://dblp.org}
}

@inproceedings{DBLP:conf/pldi/ChenBCGC06,
  author    = {Wen{-}ke Chen and
               Sanjay Bhansali and
               Trishul M. Chilimbi and
               Xiaofeng Gao and
               Weihaw Chuang},
  editor    = {Michael I. Schwartzbach and
               Thomas Ball},
  title     = {Profile-guided proactive garbage collection for locality optimization},
  booktitle = {Proceedings of the {ACM} {SIGPLAN} 2006 Conference on Programming
               Language Design and Implementation, Ottawa, Ontario, Canada, June
               11-14, 2006},
  pages     = {332--340},
  publisher = {{ACM}},
  year      = {2006},
  url       = {http://doi.acm.org/10.1145/1133981.1134021},
  doi       = {10.1145/1133981.1134021},
  timestamp = {Mon, 17 Jul 2006 21:50:00 +0200},
  biburl    = {http://dblp.uni-trier.de/rec/bib/conf/pldi/ChenBCGC06},
  bibsource = {dblp computer science bibliography, http://dblp.org}
}

@inproceedings{DBLP:conf/iwmm/ChilimbiL98,
  author    = {Trishul M. Chilimbi and
               James R. Larus},
  editor    = {Simon L. Peyton Jones and
               Richard E. Jones},
  title     = {Using Generational Garbage Collection To Implement Cache-Conscious
               Data Placement},
  booktitle = {International Symposium on Memory Management, {ISMM} '98, Vancouver,
               British Columbia, Canada, 17-19 October, 1998, Conference Proceedings},
  pages     = {37--48},
  publisher = {{ACM}},
  year      = {1998},
  url       = {http://doi.acm.org/10.1145/286860.286865},
  doi       = {10.1145/286860.286865},
  timestamp = {Tue, 22 May 2012 15:24:55 +0200},
  biburl    = {http://dblp.uni-trier.de/rec/bib/conf/iwmm/ChilimbiL98},
  bibsource = {dblp computer science bibliography, http://dblp.org}
}

@techreport{novark2006custom,
  title={Custom object layout for garbage-collected languages},
  author={Novark, Gene and Strohman, Trevor and Berger, Emery D},
  year={2006},
  institution={Technical Report UM-CS-2006-06, UMass Amherst}
}

@inproceedings{DBLP:conf/popl/ShufGBS02,
  author    = {Yefim Shuf and
               Manish Gupta and
               Rajesh Bordawekar and
               Jaswinder Pal Singh},
  editor    = {John Launchbury and
               John C. Mitchell},
  title     = {Exploiting prolific types for memory management and optimizations},
  booktitle = {Conference Record of {POPL} 2002: The 29th {SIGPLAN-SIGACT} Symposium
               on Principles of Programming Languages, Portland, OR, USA, January
               16-18, 2002},
  pages     = {295--306},
  publisher = {{ACM}},
  year      = {2002},
  url       = {http://doi.acm.org/10.1145/503272.503300},
  doi       = {10.1145/503272.503300},
  timestamp = {Mon, 18 Mar 2013 08:38:35 +0100},
  biburl    = {http://dblp.uni-trier.de/rec/bib/conf/popl/ShufGBS02},
  bibsource = {dblp computer science bibliography, http://dblp.org}
}

%%%%%%%%%%%%%%%%%%%%%
%%%%% Chapter 5 %%%%%
%%%%%%%%%%%%%%%%%%%%%

@inproceedings{DBLP:conf/wdag/RodriguesJ96,
  author    = {Helena Rodrigues and
               Richard E. Jones},
  editor    = {{\"{O}}zalp Babaoglu and
               Keith Marzullo},
  title     = {A Cyclic Distributed Garbage Collector for Network Objects},
  booktitle = {Distributed Algorithms, 10th International Workshop, {WDAG} '96, Bologna,
               Italy, October 9-11, 1996, Proceedings},
  series    = {Lecture Notes in Computer Science},
  volume    = {1151},
  pages     = {123--140},
  publisher = {Springer},
  year      = {1996},
  url       = {http://dx.doi.org/10.1007/3-540-61769-8_9},
  doi       = {10.1007/3-540-61769-8_9},
  timestamp = {Thu, 15 Oct 2009 14:00:48 +0200},
  biburl    = {http://dblp.uni-trier.de/rec/bib/conf/wdag/RodriguesJ96},
  bibsource = {dblp computer science bibliography, http://dblp.org}
}

@inproceedings{DBLP:conf/iwmm/Edelson92,
  author    = {Daniel R. Edelson},
  editor    = {Yves Bekkers and
               Jacques Cohen},
  title     = {Precompiling {C++} for Garbage Collection},
  booktitle = {Memory Management, International Workshop {IWMM} 92, St. Malo, France,
               September 17-19, 1992, Proceedings},
  series    = {Lecture Notes in Computer Science},
  volume    = {637},
  pages     = {299--314},
  publisher = {Springer},
  year      = {1992},
  url       = {http://dx.doi.org/10.1007/BFb0017197},
  doi       = {10.1007/BFb0017197},
  timestamp = {Tue, 14 Jun 2011 20:34:25 +0200},
  biburl    = {http://dblp.uni-trier.de/rec/bib/conf/iwmm/Edelson92},
  bibsource = {dblp computer science bibliography, http://dblp.org}
}

@inproceedings{DBLP:conf/ecoop/BaconR01,
  author    = {David F. Bacon and
               V. T. Rajan},
  editor    = {J{\o}rgen Lindskov Knudsen},
  title     = {Concurrent Cycle Collection in Reference Counted Systems},
  booktitle = {{ECOOP} 2001 - Object-Oriented Programming, 15th European Conference,
               Budapest, Hungary, June 18-22, 2001, Proceedings},
  series    = {Lecture Notes in Computer Science},
  volume    = {2072},
  pages     = {207--235},
  publisher = {Springer},
  year      = {2001},
  url       = {http://dx.doi.org/10.1007/3-540-45337-7_12},
  doi       = {10.1007/3-540-45337-7_12},
  timestamp = {Tue, 28 Jun 2011 15:07:55 +0200},
  biburl    = {http://dblp.uni-trier.de/rec/bib/conf/ecoop/BaconR01},
  bibsource = {dblp computer science bibliography, http://dblp.org}
}

@inproceedings{DBLP:conf/ecoop/DieckmannH99,
  author    = {Sylvia Dieckmann and
               Urs H{\"{o}}lzle},
  editor    = {Rachid Guerraoui},
  title     = {A Study of the Allocation Behavior of the SPECjvm98 Java Benchmark},
  booktitle = {ECOOP'99 - Object-Oriented Programming, 13th European Conference,
               Lisbon, Portugal, June 14-18, 1999, Proceedings},
  series    = {Lecture Notes in Computer Science},
  volume    = {1628},
  pages     = {92--115},
  publisher = {Springer},
  year      = {1999},
  url       = {http://dx.doi.org/10.1007/3-540-48743-3_5},
  doi       = {10.1007/3-540-48743-3_5},
  timestamp = {Fri, 17 Jun 2011 14:10:37 +0200},
  biburl    = {http://dblp.uni-trier.de/rec/bib/conf/ecoop/DieckmannH99},
  bibsource = {dblp computer science bibliography, http://dblp.org}
}

@inproceedings{DBLP:conf/popl/Boehm04,
  author    = {Hans{-}Juergen Boehm},
  editor    = {Neil D. Jones and
               Xavier Leroy},
  title     = {The space cost of lazy reference counting},
  booktitle = {Proceedings of the 31st {ACM} {SIGPLAN-SIGACT} Symposium on Principles
               of Programming Languages, {POPL} 2004, Venice, Italy, January 14-16,
               2004},
  pages     = {210--219},
  publisher = {{ACM}},
  year      = {2004},
  url       = {http://doi.acm.org/10.1145/964001.964019},
  doi       = {10.1145/964001.964019},
  timestamp = {Tue, 22 May 2012 15:24:56 +0200},
  biburl    = {http://dblp.uni-trier.de/rec/bib/conf/popl/Boehm04},
  bibsource = {dblp computer science bibliography, http://dblp.org}
}

@article{DBLP:journals/cacm/DeutschB76,
  author    = {L. Peter Deutsch and
               Daniel G. Bobrow},
  title     = {An Efficient, Incremental, Automatic Garbage Collector},
  journal   = {Commun. {ACM}},
  volume    = {19},
  number    = {9},
  pages     = {522--526},
  year      = {1976},
  url       = {http://doi.acm.org/10.1145/360336.360345},
  doi       = {10.1145/360336.360345},
  timestamp = {Tue, 07 Jun 2011 16:51:05 +0200},
  biburl    = {http://dblp.uni-trier.de/rec/bib/journals/cacm/DeutschB76},
  bibsource = {dblp computer science bibliography, http://dblp.org}
}

@inproceedings{DBLP:conf/sde/Ungar84,
  author    = {David Ungar},
  editor    = {William E. Riddle and
               Peter B. Henderson},
  title     = {Generation Scavenging: {A} Non-Disruptive High Performance Storage
               Reclamation Algorithm},
  booktitle = {Proceedings of the {ACM} {SIGSOFT/SIGPLAN} Software Engineering Symposium
               on Practical Software Development Environments, Pittsburgh, Pennsylvania,
               USA, April 23-25, 1984},
  pages     = {157--167},
  publisher = {{ACM}},
  year      = {1984},
  url       = {http://doi.acm.org/10.1145/800020.808261},
  doi       = {10.1145/800020.808261},
  timestamp = {Tue, 22 May 2012 15:24:55 +0200},
  biburl    = {http://dblp.uni-trier.de/rec/bib/conf/sde/Ungar84},
  bibsource = {dblp computer science bibliography, http://dblp.org}
}

@article{baden1983low,
  title={Low-overhead storage reclamation in the Smalltalk-80 virtual machine},
  author={Baden, Scott B},
  journal={Smalltalk-80: bits of history, words of advice},
  volume={11669},
  pages={331},
  year={1983},
  publisher={Addison-Wesley}
}

@article{levanoni1999scalable,
  title={A scalable reference counting garbage collector},
  author={Levanoni, Joseph and Petrank, Erez},
  year={1999},
  publisher={Citeseer}
}

@inproceedings{DBLP:conf/cc/PazP07,
  author    = {Harel Paz and
               Erez Petrank},
  editor    = {Shriram Krishnamurthi and
               Martin Odersky},
  title     = {Using Prefetching to Improve Reference-Counting Garbage Collectors},
  booktitle = {Compiler Construction, 16th International Conference, {CC} 2007, Held
               as Part of the Joint European Conferences on Theory and Practice of
               Software, {ETAPS} 2007, Braga, Portugal, March 26-30, 2007, Proceedings},
  series    = {Lecture Notes in Computer Science},
  volume    = {4420},
  pages     = {48--63},
  publisher = {Springer},
  year      = {2007},
  url       = {http://dx.doi.org/10.1007/978-3-540-71229-9_4},
  doi       = {10.1007/978-3-540-71229-9_4},
  timestamp = {Tue, 31 Jul 2007 07:45:31 +0200},
  biburl    = {http://dblp.uni-trier.de/rec/bib/conf/cc/PazP07},
  bibsource = {dblp computer science bibliography, http://dblp.org}
}

@article{DBLP:journals/ipl/FriedmanW79,
  author    = {Daniel P. Friedman and
               David S. Wise},
  title     = {Reference Counting Can Manage the Circular Environments of Mutual
               Recursion},
  journal   = {Inf. Process. Lett.},
  volume    = {8},
  number    = {1},
  pages     = {41--45},
  year      = {1979},
  url       = {http://dx.doi.org/10.1016/0020-0190(79)90091-7},
  doi       = {10.1016/0020-0190(79)90091-7},
  timestamp = {Thu, 07 Jul 2011 15:51:14 +0200},
  biburl    = {http://dblp.uni-trier.de/rec/bib/journals/ipl/FriedmanW79},
  bibsource = {dblp computer science bibliography, http://dblp.org}
}

@inproceedings{DBLP:conf/fpca/Brownbridge85,
  author    = {David R. Brownbridge},
  title     = {Cyclic Reference Counting for Combinator Machines},
  booktitle = {{FPCA}},
  pages     = {273--288},
  year      = {1985},
  url       = {http://dx.doi.org/10.1007/3-540-15975-4_42},
  doi       = {10.1007/3-540-15975-4_42},
  timestamp = {Fri, 10 Jun 2011 14:41:47 +0200},
  biburl    = {http://dblp.uni-trier.de/rec/bib/conf/fpca/Brownbridge85},
  bibsource = {dblp computer science bibliography, http://dblp.org}
}

@article{salkild1987implementation,
  title={Implementation and analysis of two reference counting algorithms},
  author={Salkild, Jon D},
  journal={Master's thesis, University College, London},
  year={1987}
}

@book{pepels1988cyclic,
  title={A cyclic reference counting algorithm and its proof},
  author={Pepels, EJH and van Eekelen, MCJD and Plasmeijer, Marinus Jacobus},
  year={1988},
  publisher={Department of Theoretical Computer Science and Computational Models, Faculty of Science, University of Nijmegen}
}

@article{DBLP:journals/cj/Axford90,
  author    = {Tom Axford},
  title     = {Reference Counting of Cyclic Graphs for Functional Programs},
  journal   = {Comput. J.},
  volume    = {33},
  number    = {5},
  pages     = {466--470},
  year      = {1990},
  url       = {http://dx.doi.org/10.1093/comjnl/33.5.466},
  doi       = {10.1093/comjnl/33.5.466},
  timestamp = {Tue, 28 Jun 2011 15:15:56 +0200},
  biburl    = {http://dblp.uni-trier.de/rec/bib/journals/cj/Axford90},
  bibsource = {dblp computer science bibliography, http://dblp.org}
}

@inproceedings{DBLP:conf/pldi/BaconALRS01,
  author    = {David F. Bacon and
               C. Richard Attanasio and
               Han Bok Lee and
               V. T. Rajan and
               Stephen E. Smith},
  editor    = {Michael Burke and
               Mary Lou Soffa},
  title     = {Java without the Coffee Breaks: {A} Nonintrusive Multiprocessor Garbage
               Collector},
  booktitle = {Proceedings of the 2001 {ACM} {SIGPLAN} Conference on Programming
               Language Design and Implementation (PLDI), Snowbird, Utah, USA, June
               20-22, 2001},
  pages     = {92--103},
  publisher = {{ACM}},
  year      = {2001},
  url       = {http://doi.acm.org/10.1145/378795.378819},
  doi       = {10.1145/378795.378819},
  timestamp = {Mon, 21 May 2012 16:19:53 +0200},
  biburl    = {http://dblp.uni-trier.de/rec/bib/conf/pldi/BaconALRS01},
  bibsource = {dblp computer science bibliography, http://dblp.org}
}

@article{DBLP:journals/toplas/PazBKPR07,
  author    = {Harel Paz and
               David F. Bacon and
               Elliot K. Kolodner and
               Erez Petrank and
               V. T. Rajan},
  title     = {An efficient on-the-fly cycle collection},
  journal   = {{ACM} Trans. Program. Lang. Syst.},
  volume    = {29},
  number    = {4},
  year      = {2007},
  url       = {http://doi.acm.org/10.1145/1255450.1255453},
  doi       = {10.1145/1255450.1255453},
  timestamp = {Tue, 06 Nov 2007 08:47:49 +0100},
  biburl    = {http://dblp.uni-trier.de/rec/bib/journals/toplas/PazBKPR07},
  bibsource = {dblp computer science bibliography, http://dblp.org}
}

%%%%%%%%%%%%%%%%%%%%%
%%%%% Chapter 6 %%%%%
%%%%%%%%%%%%%%%%%%%%%

@inproceedings{DBLP:conf/issac/FoderaroF81,
  author    = {John K. Foderaro and
               Richard J. Fateman},
  editor    = {Paul S. Wang},
  title     = {Characterization of {VAX} Macsyma},
  booktitle = {{SYMSAC} 1981, Proceedings of the Symposium on Symbolic and Algebraic
               Manipulation, Snowbird, Utah, USA, August 5-7, 1981},
  pages     = {14--19},
  publisher = {{ACM}},
  year      = {1981},
  url       = {http://doi.acm.org/10.1145/800206.806364},
  doi       = {10.1145/800206.806364},
  timestamp = {Thu, 14 Feb 2013 18:26:45 +0100},
  biburl    = {http://dblp.uni-trier.de/rec/bib/conf/issac/FoderaroF81},
  bibsource = {dblp computer science bibliography, http://dblp.org}
}

@inproceedings{DBLP:conf/lfp/StefanovicM94,
  author    = {Darko Stefanovic and
               J. Eliot B. Moss},
  title     = {Characterization of Object Behaviour in Standard ML of New Jersey},
  booktitle = {{LISP} and Functional Programming},
  pages     = {43--54},
  year      = {1994},
  url       = {http://doi.acm.org/10.1145/182409.182428},
  doi       = {10.1145/182409.182428},
  timestamp = {Tue, 13 Jul 4445165 01:57:52 +g},
  biburl    = {http://dblp.uni-trier.de/rec/bib/conf/lfp/StefanovicM94},
  bibsource = {dblp computer science bibliography, http://dblp.org}
}

@inproceedings{DBLP:conf/fpca/SansomJ93,
  author    = {Patrick M. Sansom and
               Simon L. Peyton Jones},
  title     = {Generational Garbage Collection for Haskell},
  booktitle = {{FPCA}},
  pages     = {106--116},
  year      = {1993},
  timestamp = {Sun, 26 Feb 4434232 22:39:12 +},
  biburl    = {http://dblp.uni-trier.de/rec/bib/conf/fpca/SansomJ93},
  bibsource = {dblp computer science bibliography, http://dblp.org}
}

@phdthesis{Ungar:CSD-86-287,
    Author = {Ungar, David Michael},
    Title = {The Design and Evaluation of A High Performance Smalltalk System},
    School = {EECS Department, University of California, Berkeley},
    Year = {1986},
    Month = {Feb},
    URL = {http://www.eecs.berkeley.edu/Pubs/TechRpts/1986/5376.html},
    Number = {UCB/CSD-86-287},
    Abstract = {The Smalltalk-80 system makes it possible to write programs quickly by providing object-oriented programming, incremental compilation, run-time type checking, use-extensible data types and control structures, and an interactive graphical interface. However, the potential savings in programming effort have been curtailed by poor performance in widely available computers or high processor cost. Smalltalk-80 systems pose tough challenges for implementors: dynamic data typing, a high-level instruction set, frequent and expensive procedure calls, and object-oriented storage management. <p> The dissertation documents two results that run counter to conventional wisdom: that a reduced instruction set computer can offer excellent performance for a system with dynamic data typing such as Smalltalk-80, and that automatic storage reclamation need not be time-consuming.}
}

@inproceedings{DBLP:conf/pldi/BarrettZ93,
  author    = {David A. Barrett and
               Benjamin G. Zorn},
  editor    = {Robert Cartwright},
  title     = {Using Lifetime Predictors to Improve Memory Allocation Performance},
  booktitle = {Proceedings of the {ACM} SIGPLAN'93 Conference on Programming Language
               Design and Implementation (PLDI), Albuquerque, New Mexico, USA, June
               23-25, 1993},
  pages     = {187--196},
  publisher = {{ACM}},
  year      = {1993},
  url       = {http://doi.acm.org/10.1145/155090.155108},
  doi       = {10.1145/155090.155108},
  timestamp = {Mon, 21 May 2012 16:19:53 +0200},
  biburl    = {http://dblp2.uni-trier.de/rec/bib/conf/pldi/BarrettZ93},
  bibsource = {dblp computer science bibliography, http://dblp.org}
}

@inproceedings{DBLP:conf/oopsla/CaudillW86,
  author    = {Patrick J. Caudill and
               Allen Wirfs{-}Brock},
  editor    = {Norman K. Meyrowitz},
  title     = {A Third Generation Smalltalk-80 Implementation},
  booktitle = {Conference on Object-Oriented Programming Systems, Languages, and
               Applications (OOPSLA'86), Portland, Oregon, Proceedings.},
  pages     = {119--130},
  publisher = {{ACM}},
  year      = {1986},
  url       = {http://doi.acm.org/10.1145/28697.28709},
  doi       = {10.1145/28697.28709},
  timestamp = {Tue, 11 Jun 2013 13:00:58 +0200},
  biburl    = {http://dblp2.uni-trier.de/rec/bib/conf/oopsla/CaudillW86},
  bibsource = {dblp computer science bibliography, http://dblp.org}
}

@inproceedings{DBLP:conf/oopsla/UngarJ88,
  author    = {David Ungar and
               Frank Jackson},
  editor    = {Norman K. Meyrowitz},
  title     = {Tenuring Policies for Generation-Based Storage Reclamation},
  booktitle = {Conference on Object-Oriented Programming Systems, Languages, and
               Applications (OOPSLA'88), San Diego, California, USA, September 25-30,
               1988, Proceedings.},
  pages     = {1--17},
  publisher = {{ACM}},
  year      = {1988},
  url       = {http://doi.acm.org/10.1145/62083.62085},
  doi       = {10.1145/62083.62085},
  timestamp = {Tue, 11 Jun 2013 13:04:09 +0200},
  biburl    = {http://dblp2.uni-trier.de/rec/bib/conf/oopsla/UngarJ88},
  bibsource = {dblp computer science bibliography, http://dblp.org}
}

@inproceedings{DBLP:conf/iwmm/MarlowHJJ08,
  author    = {Simon Marlow and
               Tim Harris and
               Roshan P. James and
               Simon L. Peyton Jones},
  editor    = {Richard E. Jones and
               Stephen M. Blackburn},
  title     = {Parallel generational-copying garbage collection with a block-structured
               heap},
  booktitle = {Proceedings of the 7th International Symposium on Memory Management,
               {ISMM} 2008, Tucson, AZ, USA, June 7-8, 2008},
  pages     = {11--20},
  publisher = {{ACM}},
  year      = {2008},
  url       = {http://doi.acm.org/10.1145/1375634.1375637},
  doi       = {10.1145/1375634.1375637},
  timestamp = {Mon, 29 Jul 2013 21:00:23 +0200},
  biburl    = {http://dblp2.uni-trier.de/rec/bib/conf/iwmm/MarlowHJJ08},
  bibsource = {dblp computer science bibliography, http://dblp.org}
}



@article{DBLP:journals/cacm/LiebermanH83,
  author    = {Henry Lieberman and
               Carl Hewitt},
  title     = {A Real-Time Garbage Collector Based on the Lifetimes of Objects},
  journal   = {Commun. {ACM}},
  volume    = {26},
  number    = {6},
  pages     = {419--429},
  year      = {1983},
  url       = {http://doi.acm.org/10.1145/358141.358147},
  doi       = {10.1145/358141.358147},
  timestamp = {Tue, 07 Jun 2011 16:51:31 +0200},
  biburl    = {http://dblp2.uni-trier.de/rec/bib/journals/cacm/LiebermanH83},
  bibsource = {dblp computer science bibliography, http://dblp.org}
}

@phdthesis{Shaw:1988:EAL:59942,
 author = {Shaw, Robert Allen},
 title = {Empirical Analysis of a LISP System},
 year = {1988},
 note = {Order No: GAX88-15047},
 publisher = {Stanford University},
 address = {Stanford, CA, USA},
}

@inproceedings{DBLP:conf/oopsla/WilsonM89,
  author    = {Paul R. Wilson and
               Thomas G. Moher},
  editor    = {George Bosworth},
  title     = {Design of the Opportunistic Garbage Collector},
  booktitle = {Conference on Object-Oriented Programming: Systems, Languages, and
               Applications (OOPSLA'89), New Orleans, Louisiana, USA, October 1-6,
               1989, Proceedings.},
  pages     = {23--35},
  publisher = {{ACM}},
  year      = {1989},
  url       = {http://doi.acm.org/10.1145/74877.74882},
  doi       = {10.1145/74877.74882},
  timestamp = {Tue, 11 Jun 2013 13:05:16 +0200},
  biburl    = {http://dblp2.uni-trier.de/rec/bib/conf/oopsla/WilsonM89},
  bibsource = {dblp computer science bibliography, http://dblp.org}
}

@article{DBLP:journals/toplas/UngarJ92,
  author    = {David Ungar and
               Frank Jackson},
  title     = {An Adaptive Tenuring Policy for Generation Scavengers},
  journal   = {{ACM} Trans. Program. Lang. Syst.},
  volume    = {14},
  number    = {1},
  pages     = {1--27},
  year      = {1992},
  url       = {http://doi.acm.org/10.1145/111186.116734},
  doi       = {10.1145/111186.116734},
  timestamp = {Mon, 03 Apr 2006 11:19:31 +0200},
  biburl    = {http://dblp2.uni-trier.de/rec/bib/journals/toplas/UngarJ92},
  bibsource = {dblp computer science bibliography, http://dblp.org}
}

@article{DBLP:journals/spe/Appel89a,
  author    = {Andrew W. Appel},
  title     = {Allocation without Locking},
  journal   = {Softw., Pract. Exper.},
  volume    = {19},
  number    = {7},
  pages     = {703--705},
  year      = {1989},
  url       = {http://dx.doi.org/10.1002/spe.4380190704},
  doi       = {10.1002/spe.4380190704},
  timestamp = {Sat, 14 Apr 2012 16:35:17 +0200},
  biburl    = {http://dblp2.uni-trier.de/rec/bib/journals/spe/Appel89a},
  bibsource = {dblp computer science bibliography, http://dblp.org}
}

@inproceedings{DBLP:conf/pldi/BarrettZ95,
  author    = {David A. Barrett and
               Benjamin G. Zorn},
  editor    = {David W. Wall},
  title     = {Garbage Collection Using a Dynamic Threatening Boundary},
  booktitle = {Proceedings of the {ACM} SIGPLAN'95 Conference on Programming Language
               Design and Implementation (PLDI), La Jolla, California, USA, June
               18-21, 1995},
  pages     = {301--314},
  publisher = {{ACM}},
  year      = {1995},
  url       = {http://doi.acm.org/10.1145/207110.207164},
  doi       = {10.1145/207110.207164},
  timestamp = {Mon, 21 May 2012 16:19:53 +0200},
  biburl    = {http://dblp2.uni-trier.de/rec/bib/conf/pldi/BarrettZ95},
  bibsource = {dblp computer science bibliography, http://dblp.org}
}

@inproceedings{DBLP:conf/lfp/Zorn90,
  author    = {Benjamin G. Zorn},
  title     = {Comparing Mark-and-Sweep and Stop-and-Copy Garbage Collection},
  booktitle = {{LISP} and Functional Programming},
  pages     = {87--98},
  year      = {1990},
  url       = {http://doi.acm.org/10.1145/91556.91597},
  doi       = {10.1145/91556.91597},
  timestamp = {Mon, 16 Dec 2002 13:24:25 +0100},
  biburl    = {http://dblp2.uni-trier.de/rec/bib/conf/lfp/Zorn90},
  bibsource = {dblp computer science bibliography, http://dblp.org}
}

@article{DBLP:journals/ipl/Appel87,
  author    = {Andrew W. Appel},
  title     = {Garbage Collection can be Faster than Stack Allocation},
  journal   = {Inf. Process. Lett.},
  volume    = {25},
  number    = {4},
  pages     = {275--279},
  year      = {1987},
  url       = {http://dx.doi.org/10.1016/0020-0190(87)90175-X},
  doi       = {10.1016/0020-0190(87)90175-X},
  timestamp = {Fri, 08 Jul 2011 12:13:21 +0200},
  biburl    = {http://dblp2.uni-trier.de/rec/bib/journals/ipl/Appel87},
  bibsource = {dblp computer science bibliography, http://dblp.org}
}

@inproceedings{DBLP:conf/iwmm/McGacheyH06,
  author    = {Phil McGachey and
               Antony L. Hosking},
  editor    = {Erez Petrank and
               J. Eliot B. Moss},
  title     = {Reducing generational copy reserve overhead with fallback compaction},
  booktitle = {Proceedings of the 5th International Symposium on Memory Management,
               {ISMM} 2006, Ottawa, Ontario, Canada, June 10-11, 2006},
  pages     = {17--28},
  publisher = {{ACM}},
  year      = {2006},
  url       = {http://doi.acm.org/10.1145/1133956.1133960},
  doi       = {10.1145/1133956.1133960},
  timestamp = {Tue, 22 May 2012 15:24:55 +0200},
  biburl    = {http://dblp2.uni-trier.de/rec/bib/conf/iwmm/McGacheyH06},
  bibsource = {dblp computer science bibliography, http://dblp.org}
}

%%%%%%%%%%%%%%%%%%%%%
%%%%% Chapter 7 %%%%%
%%%%%%%%%%%%%%%%%%%%%

@inproceedings{DBLP:conf/iwmm/Siebert08,
  author    = {Fridtjof Siebert},
  editor    = {Richard E. Jones and
               Stephen M. Blackburn},
  title     = {Limits of parallel marking garbage collection},
  booktitle = {Proceedings of the 7th International Symposium on Memory Management,
               {ISMM} 2008, Tucson, AZ, USA, June 7-8, 2008},
  pages     = {21--29},
  publisher = {{ACM}},
  year      = {2008},
  url       = {http://doi.acm.org/10.1145/1375634.1375638},
  doi       = {10.1145/1375634.1375638},
  timestamp = {Mon, 29 Jul 2013 21:00:23 +0200},
  biburl    = {http://dblp2.uni-trier.de/rec/bib/conf/iwmm/Siebert08},
  bibsource = {dblp computer science bibliography, http://dblp.org}
}

@inproceedings{DBLP:conf/sc/EndoTY97,
  author    = {Toshio Endo and
               Kenjiro Taura and
               Akinori Yonezawa},
  title     = {A Scalable Mark-Sweep Garbage Collector on Large-Scale Shared-Memory
               Machines},
  booktitle = {Proceedings of the {ACM/IEEE} Conference on Supercomputing, {SC} 1997,
               November 15-21, 1997, San Jose, CA, {USA}},
  pages     = {48},
  publisher = {{IEEE}},
  year      = {1997},
  url       = {http://dx.doi.org/10.1109/SC.1997.10059},
  doi       = {10.1109/SC.1997.10059},
  timestamp = {Tue, 10 Jul 2012 14:11:05 +0200},
  biburl    = {http://dblp.dagstuhl.de/rec/bib/conf/sc/EndoTY97},
  bibsource = {dblp computer science bibliography, http://dblp.org}
}

@article{DBLP:journals/cacm/Baker78,
  author    = {Henry G. Baker Jr.},
  title     = {List Processing in Real Time on a Serial Computer},
  journal   = {Commun. {ACM}},
  volume    = {21},
  number    = {4},
  pages     = {280--294},
  year      = {1978},
  url       = {http://doi.acm.org/10.1145/359460.359470},
  doi       = {10.1145/359460.359470},
  timestamp = {Sun, 30 Oct 4430489 19:59:12 +},
  biburl    = {http://dblp.dagstuhl.de/rec/bib/journals/cacm/Baker78},
  bibsource = {dblp computer science bibliography, http://dblp.org}
}

@inproceedings{DBLP:conf/lfp/Halstead84,
  author    = {Robert H. Halstead Jr.},
  title     = {Implementation of Multilisp: Lisp on a Multiprocessor},
  booktitle = {{LISP} and Functional Programming},
  pages     = {9--17},
  year      = {1984},
  timestamp = {Mon, 13 Sep 4451610 08:34:40 +g},
  biburl    = {http://dblp.dagstuhl.de/rec/bib/conf/lfp/Halstead84},
  bibsource = {dblp computer science bibliography, http://dblp.org}
}

@article{DBLP:journals/toplas/Halstead85,
  author    = {Robert H. Halstead Jr.},
  title     = {Multilisp: {A} Language for Concurrent Symbolic Computation},
  journal   = {{ACM} Trans. Program. Lang. Syst.},
  volume    = {7},
  number    = {4},
  pages     = {501--538},
  year      = {1985},
  url       = {http://doi.acm.org/10.1145/4472.4478},
  doi       = {10.1145/4472.4478},
  timestamp = {Mon, 11 Mar 4446250 18:44:32 +.},
  biburl    = {http://dblp.dagstuhl.de/rec/bib/journals/toplas/Halstead85},
  bibsource = {dblp computer science bibliography, http://dblp.org}
}

@inproceedings{DBLP:conf/iwmm/Siebert10,
  author    = {Fridtjof Siebert},
  editor    = {Jan Vitek and
               Doug Lea},
  title     = {Concurrent, parallel, real-time garbage-collection},
  booktitle = {Proceedings of the 9th International Symposium on Memory Management,
               {ISMM} 2010, Toronto, Ontario, Canada, June 5-6, 2010},
  pages     = {11--20},
  publisher = {{ACM}},
  year      = {2010},
  url       = {http://doi.acm.org/10.1145/1806651.1806654},
  doi       = {10.1145/1806651.1806654},
  timestamp = {Tue, 22 May 2012 15:24:55 +0200},
  biburl    = {http://dblp.dagstuhl.de/rec/bib/conf/iwmm/Siebert10},
  bibsource = {dblp computer science bibliography, http://dblp.org}
}

@article{DBLP:journals/ppl/PetrankK04,
  author    = {Erez Petrank and
               Elliot K. Kolodner},
  title     = {Parallel Copying Garbage Collection Using Delayed Allocation},
  journal   = {Parallel Processing Letters},
  volume    = {14},
  number    = {2},
  pages     = {271--286},
  year      = {2004},
  url       = {http://dx.doi.org/10.1142/S0129626404001878},
  doi       = {10.1142/S0129626404001878},
  timestamp = {Fri, 10 Sep 2004 14:29:28 +0200},
  biburl    = {http://dblp2.uni-trier.de/rec/bib/journals/ppl/PetrankK04},
  bibsource = {dblp computer science bibliography, http://dblp.org}
}

@inproceedings{DBLP:conf/pldi/OssiaBGKLO02,
  author    = {Yoav Ossia and
               Ori Ben{-}Yitzhak and
               Irit Goft and
               Elliot K. Kolodner and
               Victor Leikehman and
               Avi Owshanko},
  editor    = {Jens Knoop and
               Laurie J. Hendren},
  title     = {A Parallel, Incremental and Concurrent {GC} for Servers},
  booktitle = {Proceedings of the 2002 {ACM} {SIGPLAN} Conference on Programming
               Language Design and Implementation (PLDI), Berlin, Germany, June 17-19,
               2002},
  pages     = {129--140},
  publisher = {{ACM}},
  year      = {2002},
  url       = {http://doi.acm.org/10.1145/512529.512546},
  doi       = {10.1145/512529.512546},
  timestamp = {Mon, 21 May 2012 16:19:53 +0200},
  biburl    = {http://dblp2.uni-trier.de/rec/bib/conf/pldi/OssiaBGKLO02},
  bibsource = {dblp computer science bibliography, http://dblp.org}
}

@article{DBLP:journals/toplas/BarabashBGKLOOP05,
  author    = {Katherine Barabash and
               Ori Ben{-}Yitzhak and
               Irit Goft and
               Elliot K. Kolodner and
               Victor Leikehman and
               Yoav Ossia and
               Avi Owshanko and
               Erez Petrank},
  title     = {A parallel, incremental, mostly concurrent garbage collector for servers},
  journal   = {{ACM} Trans. Program. Lang. Syst.},
  volume    = {27},
  number    = {6},
  pages     = {1097--1146},
  year      = {2005},
  url       = {http://doi.acm.org/10.1145/1108970.1108972},
  doi       = {10.1145/1108970.1108972},
  timestamp = {Thu, 06 Apr 2006 14:46:30 +0200},
  biburl    = {http://dblp2.uni-trier.de/rec/bib/journals/toplas/BarabashBGKLOOP05},
  bibsource = {dblp computer science bibliography, http://dblp.org}
}

%%%%%%%%%%%%%%%%%%%%%%%%%%%%%%%%%%%%%%%%%%%%%%%%%%%%%%%%%%%%%%%%%%%%%%%%%%%%%%%%%%%%

@inproceedings{DBLP:conf/pldi/BlellochC99,
  author    = {Guy E. Blelloch and
               Perry Cheng},
  editor    = {Barbara G. Ryder and
               Benjamin G. Zorn},
  title     = {On Bounding Time and Space for Multiprocessor Garbage Collection},
  booktitle = {Proceedings of the 1999 {ACM} {SIGPLAN} Conference on Programming
               Language Design and Implementation (PLDI), Atlanta, Georgia, USA,
               May 1-4, 1999},
  pages     = {104--117},
  publisher = {{ACM}},
  year      = {1999},
  url       = {http://doi.acm.org/10.1145/301618.301648},
  doi       = {10.1145/301618.301648},
  timestamp = {Mon, 21 May 2012 16:19:53 +0200},
  biburl    = {http://dblp2.uni-trier.de/rec/bib/conf/pldi/BlellochC99},
  bibsource = {dblp computer science bibliography, http://dblp.org}
}

@inproceedings{DBLP:conf/oopsla/Ogasawara09,
  author    = {Takeshi Ogasawara},
  editor    = {Shail Arora and
               Gary T. Leavens},
  title     = {NUMA-aware memory manager with dominant-thread-based copying {GC}},
  booktitle = {Proceedings of the 24th Annual {ACM} {SIGPLAN} Conference on Object-Oriented
               Programming, Systems, Languages, and Applications, {OOPSLA} 2009,
               October 25-29, 2009, Orlando, Florida, {USA}},
  pages     = {377--390},
  publisher = {{ACM}},
  year      = {2009},
  url       = {http://doi.acm.org/10.1145/1640089.1640117},
  doi       = {10.1145/1640089.1640117},
  timestamp = {Fri, 30 Oct 2009 13:58:43 +0100},
  biburl    = {http://dblp2.uni-trier.de/rec/bib/conf/oopsla/Ogasawara09},
  bibsource = {dblp computer science bibliography, http://dblp.org}
}

@article{DBLP:journals/tpds/ImaiT93,
  author    = {Akira Imai and
               Evan Tick},
  title     = {Evaluation of Parallel Copying Garbage Collection on a Shared-Memory
               Multiprocessor},
  journal   = {{IEEE} Trans. Parallel Distrib. Syst.},
  volume    = {4},
  number    = {9},
  pages     = {1030--1040},
  year      = {1993},
  url       = {http://doi.ieeecomputersociety.org/10.1109/71.243529},
  doi       = {10.1109/71.243529},
  timestamp = {Thu, 03 Nov 2011 17:03:49 +0100},
  biburl    = {http://dblp2.uni-trier.de/rec/bib/journals/tpds/ImaiT93},
  bibsource = {dblp computer science bibliography, http://dblp.org}
}

%%%%%%%%%%%%%%%%%%%%%
%%%%% Chapter 8 %%%%%
%%%%%%%%%%%%%%%%%%%%%

@inproceedings{DBLP:conf/iwmm/Wilson92,
  author    = {Paul R. Wilson},
  editor    = {Yves Bekkers and
               Jacques Cohen},
  title     = {Uniprocessor Garbage Collection Techniques},
  booktitle = {Memory Management, International Workshop {IWMM} 92, St. Malo, France,
               September 17-19, 1992, Proceedings},
  series    = {Lecture Notes in Computer Science},
  volume    = {637},
  pages     = {1--42},
  publisher = {Springer},
  year      = {1992},
  url       = {http://dx.doi.org/10.1007/BFb0017182},
  doi       = {10.1007/BFb0017182},
  timestamp = {Tue, 14 Jun 2011 20:34:24 +0200},
  biburl    = {http://dblp2.uni-trier.de/rec/bib/conf/iwmm/Wilson92},
  bibsource = {dblp computer science bibliography, http://dblp.org}
}

@article{DBLP:journals/cacm/Steele75,
  author    = {Guy L. Steele Jr.},
  title     = {Multiprocessing Compactifying Garbage Collection},
  journal   = {Commun. {ACM}},
  volume    = {18},
  number    = {9},
  pages     = {495--508},
  year      = {1975},
  url       = {http://doi.acm.org/10.1145/361002.361005},
  doi       = {10.1145/361002.361005},
  timestamp = {Tue, 27 Nov 2012 15:51:25 +0100},
  biburl    = {http://dblp2.uni-trier.de/rec/bib/journals/cacm/Steele75},
  bibsource = {dblp computer science bibliography, http://dblp.org}
}

@inproceedings{DBLP:conf/pldi/BoehmDS91,
  author    = {Hans{-}Juergen Boehm and
               Alan J. Demers and
               Scott Shenker},
  editor    = {David S. Wise},
  title     = {Mostly Parallel Garbage Collection},
  booktitle = {Proceedings of the {ACM} SIGPLAN'91 Conference on Programming Language
               Design and Implementation (PLDI), Toronto, Ontario, Canada, June 26-28,
               1991},
  pages     = {157--164},
  publisher = {{ACM}},
  year      = {1991},
  url       = {http://doi.acm.org/10.1145/113445.113459},
  doi       = {10.1145/113445.113459},
  timestamp = {Mon, 21 May 2012 16:19:52 +0200},
  biburl    = {http://dblp2.uni-trier.de/rec/bib/conf/pldi/BoehmDS91},
  bibsource = {dblp computer science bibliography, http://dblp.org}
}

@inproceedings{DBLP:conf/pldi/AppelEL88,
  author    = {Andrew W. Appel and
               John R. Ellis and
               Kai Li},
  editor    = {Richard L. Wexelblat},
  title     = {Real-Time Concurrent Collection on Stock Multiprocessors},
  booktitle = {Proceedings of the {ACM} SIGPLAN'88 Conference on Programming Language
               Design and Implementation (PLDI), Atlanta, Georgia, USA, June 22-24,
               1988},
  pages     = {11--20},
  publisher = {{ACM}},
  year      = {1988},
  url       = {http://doi.acm.org/10.1145/53990.53992},
  doi       = {10.1145/53990.53992},
  timestamp = {Mon, 21 May 2012 16:19:53 +0200},
  biburl    = {http://dblp2.uni-trier.de/rec/bib/conf/pldi/AppelEL88},
  bibsource = {dblp computer science bibliography, http://dblp.org}
}

@inproceedings{DBLP:conf/icpp/AbrahamP87,
  author    = {Santosh G. Abraham and
               Janak H. Patel},
  title     = {Parallel Garbage Collection on a Virtual Memory System},
  booktitle = {International Conference on Parallel Processing, ICPP'87, University
               Park, PA, USA, August 1987.},
  pages     = {243--246},
  publisher = {Pennsylvania State University Press},
  year      = {1987},
  timestamp = {Mon, 28 Jul 2014 17:06:01 +0200},
  biburl    = {http://dblp2.uni-trier.de/rec/bib/conf/icpp/AbrahamP87},
  bibsource = {dblp computer science bibliography, http://dblp.org}
}

@article{DBLP:journals/jss/Yuasa90,
  author    = {Taiichi Yuasa},
  title     = {Real-time garbage collection on general-purpose machines},
  journal   = {Journal of Systems and Software},
  volume    = {11},
  number    = {3},
  pages     = {181--198},
  year      = {1990},
  url       = {http://dx.doi.org/10.1016/0164-1212(90)90084-Y},
  doi       = {10.1016/0164-1212(90)90084-Y},
  timestamp = {Wed, 01 Feb 2006 14:11:19 +0100},
  biburl    = {http://dblp2.uni-trier.de/rec/bib/journals/jss/Yuasa90},
  bibsource = {dblp computer science bibliography, http://dblp.org}
}

@inproceedings{DBLP:conf/oopsla/HoskingC99,
  author    = {Antony L. Hosking and
               Jiawan Chen},
  editor    = {Brent Hailpern and
               Linda M. Northrop and
               A. Michael Berman},
  title     = {Mostly-copying Reachability-based Orthogonal Persistence},
  booktitle = {Proceedings of the 1999 {ACM} {SIGPLAN} Conference on Object-Oriented
               Programming Systems, Languages {\&} Applications {(OOPSLA} '99),
               Denver, Colorado, USA, November 1-5, 1999.},
  pages     = {382--398},
  publisher = {{ACM}},
  year      = {1999},
  url       = {http://doi.acm.org/10.1145/320384.320427},
  doi       = {10.1145/320384.320427},
  timestamp = {Tue, 11 Jun 2013 10:02:15 +0200},
  biburl    = {http://dblp2.uni-trier.de/rec/bib/conf/oopsla/HoskingC99},
  bibsource = {dblp computer science bibliography, http://dblp.org}
}

@inproceedings{DBLP:conf/oopsla/ZeeR02,
  author    = {Karen Zee and
               Martin C. Rinard},
  editor    = {Mamdouh Ibrahim and
               Satoshi Matsuoka},
  title     = {Write barrier removal by static analysis},
  booktitle = {Proceedings of the 2002 {ACM} {SIGPLAN} Conference on Object-Oriented
               Programming Systems, Languages and Applications, {OOPSLA} 2002, Seattle,
               Washington, USA, November 4-8, 2002.},
  pages     = {191--210},
  publisher = {{ACM}},
  year      = {2002},
  url       = {http://doi.acm.org/10.1145/582419.582439},
  doi       = {10.1145/582419.582439},
  timestamp = {Tue, 11 Jun 2013 10:00:57 +0200},
  biburl    = {http://dblp2.uni-trier.de/rec/bib/conf/oopsla/ZeeR02},
  bibsource = {dblp computer science bibliography, http://dblp.org}
}

@inproceedings{DBLP:conf/lctrts/BaconCR03,
  author    = {David F. Bacon and
               Perry Cheng and
               V. T. Rajan},
  editor    = {Frank Mueller and
               Ulrich Kremer},
  title     = {Controlling fragmentation and space consumption in the metronome,
               a real-time garbage collector for Java},
  booktitle = {Proceedings of the 2003 Conference on Languages, Compilers, and Tools
               for Embedded Systems (LCTES'03). San Diego, California, USA, June
               11-13, 2003},
  pages     = {81--92},
  publisher = {{ACM}},
  year      = {2003},
  url       = {http://doi.acm.org/10.1145/780732.780744},
  doi       = {10.1145/780732.780744},
  timestamp = {Tue, 22 May 2012 15:24:56 +0200},
  biburl    = {http://dblp2.uni-trier.de/rec/bib/conf/lctrts/BaconCR03},
  bibsource = {dblp computer science bibliography, http://dblp.org}
}

@inproceedings{lamport1976garbage,
  title={Garbage collection with multiple processes: an exercise in parallelism},
  author={Lamport, Leslie},
  booktitle={Proc. of the 1976 International Conference on Parallel Processing},
  pages={50--54},
  year={1976}
}

@inproceedings{DBLP:conf/popl/DoligezL93,
  author    = {Damien Doligez and
               Xavier Leroy},
  editor    = {Mary S. Van Deusen and
               Bernard Lang},
  title     = {A Concurrent, Generational Garbage Collector for a Multithreaded Implementation
               of {ML}},
  booktitle = {Conference Record of the Twentieth Annual {ACM} {SIGPLAN-SIGACT} Symposium
               on Principles of Programming Languages, Charleston, South Carolina,
               USA, January 1993},
  pages     = {113--123},
  publisher = {{ACM} Press},
  year      = {1993},
  url       = {http://doi.acm.org/10.1145/158511.158611},
  doi       = {10.1145/158511.158611},
  timestamp = {Mon, 21 May 2012 16:19:51 +0200},
  biburl    = {http://dblp2.uni-trier.de/rec/bib/conf/popl/DoligezL93},
  bibsource = {dblp computer science bibliography, http://dblp.org}
}

@inproceedings{DBLP:conf/popl/DoligezG94,
  author    = {Damien Doligez and
               Georges Gonthier},
  editor    = {Hans{-}Juergen Boehm and
               Bernard Lang and
               Daniel M. Yellin},
  title     = {Portable, Unobtrusive Garbage Collection for Multiprocessor Systems},
  booktitle = {Conference Record of POPL'94: 21st {ACM} {SIGPLAN-SIGACT} Symposium
               on Principles of Programming Languages, Portland, Oregon, USA, January
               17-21, 1994},
  pages     = {70--83},
  publisher = {{ACM} Press},
  year      = {1994},
  url       = {http://doi.acm.org/10.1145/174675.174673},
  doi       = {10.1145/174675.174673},
  timestamp = {Mon, 21 May 2012 16:19:50 +0200},
  biburl    = {http://dblp2.uni-trier.de/rec/bib/conf/popl/DoligezG94},
  bibsource = {dblp computer science bibliography, http://dblp.org}
}

@inproceedings{DBLP:conf/lfp/Brooks84,
  author    = {Rodney A. Brooks},
  title     = {Trading Data Space for Reduced Time and Code Space in Real-Time Garbage
               Collection on Stock Hardware},
  booktitle = {{LISP} and Functional Programming},
  pages     = {256--262},
  year      = {1984},
  timestamp = {Mon, 16 Dec 2002 13:19:45 +0100},
  biburl    = {http://dblp2.uni-trier.de/rec/bib/conf/lfp/Brooks84},
  bibsource = {dblp computer science bibliography, http://dblp.org}
}

%

@inproceedings{DBLP:conf/iwmm/OssiaBS04,
  author    = {Yoav Ossia and
               Ori Ben{-}Yitzhak and
               Marc Segal},
  editor    = {David F. Bacon and
               Amer Diwan},
  title     = {Mostly concurrent compaction for mark-sweep {GC}},
  booktitle = {Proceedings of the 4th International Symposium on Memory Management,
               {ISMM} 2004, Vancouver, BC, Canada, October 24-25, 2004},
  pages     = {25--36},
  publisher = {{ACM}},
  year      = {2004},
  url       = {http://doi.acm.org/10.1145/1029873.1029877},
  doi       = {10.1145/1029873.1029877},
  timestamp = {Tue, 22 May 2012 15:24:55 +0200},
  biburl    = {http://dblp2.uni-trier.de/rec/bib/conf/iwmm/OssiaBS04},
  bibsource = {dblp computer science bibliography, http://dblp.org}
}

@inproceedings{DBLP:conf/sosp/HoskingM93,
  author    = {Antony L. Hosking and
               J. Eliot B. Moss},
  title     = {Protection Traps and Alternatives for Memory Management of an Object-Oriented
               Language},
  booktitle = {{SOSP}},
  pages     = {106--119},
  year      = {1993},
  url       = {http://doi.acm.org/10.1145/168619.168628},
  doi       = {10.1145/168619.168628},
  timestamp = {Fri, 22 Jan 2010 18:33:54 +0100},
  biburl    = {http://dblp2.uni-trier.de/rec/bib/conf/sosp/HoskingM93},
  bibsource = {dblp computer science bibliography, http://dblp.org}
}

@inproceedings{DBLP:conf/podc/DetlefsMMS01,
  author    = {David Detlefs and
               Paul Alan Martin and
               Mark Moir and
               Guy L. Steele Jr.},
  editor    = {Ajay D. Kshemkalyani and
               Nir Shavit},
  title     = {Lock-free reference counting},
  booktitle = {Proceedings of the Twentieth Annual {ACM} Symposium on Principles
               of Distributed Computing, {PODC} 2001, Newport, Rhode Island, USA,
               August 26-29, 2001},
  pages     = {190--199},
  publisher = {{ACM}},
  year      = {2001},
  url       = {http://doi.acm.org/10.1145/383962.384016},
  doi       = {10.1145/383962.384016},
  timestamp = {Fri, 21 Mar 2014 14:51:21 +0100},
  biburl    = {http://dblp2.uni-trier.de/rec/bib/conf/podc/DetlefsMMS01},
  bibsource = {dblp computer science bibliography, http://dblp.org}
}

@inproceedings{detreville1990experience,
  title={Experience with garbage collection for modula-2+ in the topaz environment},
  author={DeTreville, John},
  booktitle={OOPSLA/ECOOP},
  volume={90},
  year={1990},
  organization={Citeseer}
}

@inproceedings{DBLP:conf/oopsla/LevanoniP01,
  author    = {Yossi Levanoni and
               Erez Petrank},
  editor    = {Linda M. Northrop and
               John M. Vlissides},
  title     = {An On-the-Fly Reference Counting Garbage Collector for Java},
  booktitle = {Proceedings of the 2001 {ACM} {SIGPLAN} Conference on Object-Oriented
               Programming Systems, Languages and Applications, {OOPSLA} 2001, Tampa,
               Florida, USA, October 14-18, 2001.},
  pages     = {367--380},
  publisher = {{ACM}},
  year      = {2001},
  url       = {http://doi.acm.org/10.1145/504282.504309},
  doi       = {10.1145/504282.504309},
  timestamp = {Tue, 19 Nov 2013 18:10:37 +0100},
  biburl    = {http://dblp2.uni-trier.de/rec/bib/conf/oopsla/LevanoniP01},
  bibsource = {dblp computer science bibliography, http://dblp.org}
}

@article{DBLP:journals/toplas/LevanoniP06,
  author    = {Yossi Levanoni and
               Erez Petrank},
  title     = {An on-the-fly reference-counting garbage collector for java},
  journal   = {{ACM} Trans. Program. Lang. Syst.},
  volume    = {28},
  number    = {1},
  pages     = {1--69},
  year      = {2006},
  url       = {http://doi.acm.org/10.1145/1111596.1111597},
  doi       = {10.1145/1111596.1111597},
  timestamp = {Thu, 06 Apr 2006 14:48:44 +0200},
  biburl    = {http://dblp2.uni-trier.de/rec/bib/journals/toplas/LevanoniP06},
  bibsource = {dblp computer science bibliography, http://dblp.org}
}

@inproceedings{DBLP:conf/oopsla/AzatchiLPP03,
  author    = {Hezi Azatchi and
               Yossi Levanoni and
               Harel Paz and
               Erez Petrank},
  editor    = {Ron Crocker and
               Guy L. Steele Jr.},
  title     = {An on-the-fly mark and sweep garbage collector based on sliding views},
  booktitle = {Proceedings of the 2003 {ACM} {SIGPLAN} Conference on Object-Oriented
               Programming Systems, Languages and Applications, {OOPSLA} 2003, October
               26-30, 2003, Anaheim, CA, {USA}},
  pages     = {269--281},
  publisher = {{ACM}},
  year      = {2003},
  url       = {http://doi.acm.org/10.1145/949305.949329},
  doi       = {10.1145/949305.949329},
  timestamp = {Mon, 13 Feb 2006 15:35:58 +0100},
  biburl    = {http://dblp2.uni-trier.de/rec/bib/conf/oopsla/AzatchiLPP03},
  bibsource = {dblp computer science bibliography, http://dblp.org}
}

@inproceedings{DBLP:conf/cc/PazPBKR05,
  author    = {Harel Paz and
               Erez Petrank and
               David F. Bacon and
               Elliot K. Kolodner and
               V. T. Rajan},
  editor    = {Rastislav Bod{\'{\i}}k},
  title     = {An Efficient On-the-Fly Cycle Collection},
  booktitle = {Compiler Construction, 14th International Conference, {CC} 2005, Held
               as Part of the Joint European Conferences on Theory and Practice of
               Software, {ETAPS} 2005, Edinburgh, UK, April 4-8, 2005, Proceedings},
  series    = {Lecture Notes in Computer Science},
  volume    = {3443},
  pages     = {156--171},
  publisher = {Springer},
  year      = {2005},
  url       = {http://dx.doi.org/10.1007/978-3-540-31985-6_11},
  doi       = {10.1007/978-3-540-31985-6_11},
  timestamp = {Mon, 08 Aug 2011 15:24:09 +0200},
  biburl    = {http://dblp2.uni-trier.de/rec/bib/conf/cc/PazPBKR05},
  bibsource = {dblp computer science bibliography, http://dblp.org}
}

%%%%%%%%%%%%%%%%%%%%%
%%%%% Chapter 9 %%%%%
%%%%%%%%%%%%%%%%%%%%%

@article{DBLP:journals/scp/Printezis06,
  author    = {Tony Printezis},
  title     = {On measuring garbage collection responsiveness},
  journal   = {Sci. Comput. Program.},
  volume    = {62},
  number    = {2},
  pages     = {164--183},
  year      = {2006},
  url       = {http://dx.doi.org/10.1016/j.scico.2006.02.004},
  doi       = {10.1016/j.scico.2006.02.004},
  timestamp = {Wed, 22 Nov 2006 09:48:44 +0100},
  biburl    = {http://dblp2.uni-trier.de/rec/bib/journals/scp/Printezis06},
  bibsource = {dblp computer science bibliography, http://dblp.org}
}

@phdthesis{henriksson1998scheduling,
  title={Scheduling garbage collection in embedded systems},
  author={Henriksson, Roger},
  year={1998},
  school={Lund University}
}

@inproceedings{DBLP:conf/isorc/Detlefs04,
  author    = {David Detlefs},
  title     = {A Hard Look at Hard Real-Time Garbage Collection},
  booktitle = {7th {IEEE} International Symposium on Object-Oriented Real-Time Distributed
               Computing {(ISORC} 2004), 12-14 May 2004, Vienna, Austria},
  pages     = {23--32},
  publisher = {{IEEE} Computer Society},
  year      = {2004},
  url       = {http://dx.doi.org/10.1109/ISORC.2004.1300325},
  doi       = {10.1109/ISORC.2004.1300325},
  timestamp = {Mon, 06 Oct 2014 17:41:31 +0200},
  biburl    = {http://dblp2.uni-trier.de/rec/bib/conf/isorc/Detlefs04},
  bibsource = {dblp computer science bibliography, http://dblp.org}
}

@inproceedings{DBLP:conf/pldi/PizloPS08,
  author    = {Filip Pizlo and
               Erez Petrank and
               Bjarne Steensgaard},
  editor    = {Rajiv Gupta and
               Saman P. Amarasinghe},
  title     = {A study of concurrent real-time garbage collectors},
  booktitle = {Proceedings of the {ACM} {SIGPLAN} 2008 Conference on Programming
               Language Design and Implementation, Tucson, AZ, USA, June 7-13, 2008},
  pages     = {33--44},
  publisher = {{ACM}},
  year      = {2008},
  url       = {http://doi.acm.org/10.1145/1375581.1375587},
  doi       = {10.1145/1375581.1375587},
  timestamp = {Mon, 16 Jun 2008 08:31:44 +0200},
  biburl    = {http://dblp2.uni-trier.de/rec/bib/conf/pldi/PizloPS08},
  bibsource = {dblp computer science bibliography, http://dblp.org}
}